2134 3423
393 75 534 171 196
597 59 989 143 AMAR
1017 74 1144 140 1AE
1191 56 1237 139 εὶ
1279 54 1563 143 S'cnv
1595 51 1771 143 lim.

391 177 621 262 hasce
662 175 801 258 tibi
840 173 1270 258 traditurus
1297 175 1429 281 ,est
1461 174 1949 288 jampridem

395 300 481 374 in
499 291 872 403 Angliam
897 285 1328 400 cogitaffet.
1364 289 1530 370 Hic
1576 290 1720 374 tibi
1755 298 1945 376 vitae

397 434 594 491 meae
622 412 1014 486 rationem·
1038 399 1402 496 edisseret
1419 459 1444 497 ‚
1474 411 1562 485 δε
1579 430 1951 515 penetra-

367 608 373 627 ἶ
399 521 502 600 lia
523 514 759 600 animi
777 526 956 629 erga
978 543 1057 600 te
1077 524 1234 598 mei
1252 514 1641 600 reserabit.
1651 519 1809 600 Vix
1827 545 1947 624 ta-

400 626 591 714 men
622 641 733 713 ita
780 659 910 712 me
944 638 1285 742 reprimo
1320 687 1345 725 ‚
1379 654 1471 713 ut
1505 630 1814 741 prorsus
1841 633 1947 715 ad

401 744 923 859 gravissimum
943 745 1283 857 epistolae
1319 769 1474 825 tuae
1520 772 1946 857 argumen-

406 886 583 941 tum
654 856 1178 945 confilescam.
1263 856 1622 969 .Qaeris-
1674 865 1947 969 itaque

402 972 820 1083 quomodo
840 999 957 1052 res
972 999 1184 1052 meas
1204 968 1568 1053 ordinem
1580 998 1672 1050 ac
1689 971 1948 1084 dispo-

405 1113 596 1167 nam
614 1145 636 1181 ,
657 1113 745 1167 ut
768 1094 1089 1165 minima
1109 1111 1293 1164 curn
1315 1079 1752 1164 offenfione
1768 1093 1841 1165 vi
1851 1112 1948 1166 tae

405 1200 639 1303 hujus
662 1198 1076 1290 molestia3‚
1100 1197 1517 1308 praesertim
1536 1199 1948 1280 calamito-

405 1311 646 1393 sahac
665 1310 1161 1422 tempestate,
1192 1310 1729 1392 transmittam.
1782 1311 1958 1391 Ta-·

404 1422 629 1505 metsi
689 1452 877 1505 vero
931 1421 1290 1534 singulari
1341 1450 1497 1506 tuae
1548 1424 1949 1505 modestia:

408 1565 652 1647 atque
689 1537 1161 1618 humanitati
1200 1562 1618 1648 acceptum
1653 1535 1945 1635 debeo,

407 1650 634 1761 quod
655 1651 1104 1761 exemplum
1127 1649 1482 1732 nostrum
1502 1656 1949 1753 imitatione

413 1792 550 1865 tua
577 1792 743 1845 non
764 1763 1182 1875 indignum
1213 1764 1590 1854 existimas
1614 1796 1632 1842 z
1654 1789 1950 1855 tamen,

409 1877 465 1958 fi
502 1879 729 1961 nobis
761 1876 1188 1988 aliquando
1223 1904 1360 1988 per
1423 1878 1582 1958 Dei
1617 1885 1950 1988 gratiam

410 2020 576 2075 uno
623 1991 1071 2102 eodemque
1110 1990 1636 2073 contubernio
1672 1986 1829 2069 frui
1859 1992 1952 2069 li-

411 2133 654 2200 ceret,
680 2133 848 2186 non
886 2106 1167 2187 dubito
1183 2115 1385 2213 ‘quin
1407 2110 1486 2182 in
1530 2127 1749 2183 tanta
1783 2110 1951 2183 ani-

409 2245 728 2298 morum
746 2218 1344 2325 studiorumque
1377 2215 1953 2326 conspiratione

407 2329 513 2430 ad
540 2338 913 2436 virtutem
931 2355 1078 2408 nos
1107 2337 1445 2409 invicem
1465 2334 1709 2440 magis
1742 2337 1951 2410 exci-

412 2467 575 2521 tare
594 2441 982 2554 pommus,
1021 2439 1241 2523 Utut
1262 2441 1662 2535 est,dicam
1676 2440 1951 2534 verbo,

408 2580 578 2633 non
597 2553 786 2662 quid
803 2552 1101 2662 semper
1119 2549 1467 2663 assequar
1484 2612 1506 2648 ,
1549 2553 1684 2634 sed
1707 2581 1957 2663 quem

362 2767 365 2770 ,
409 2666 729 2775 scopum
747 2692 983 2774 quam
1020 2665 1372 2775 proxime
1398 2667 1958 2776 attingendum

408 2778 604 2858 mihi
637 2805 1098 2889 proponam.
1160 2781 1392 2857 Viam
1441 2778 1957 2889 compendia-

408 2898 602 2970 riam
626 2893 946 2999 longeq;
974 2889 1422 2970 tutiffimam
1440 2892 1668 2972 nobis
1715 2918 1955 2980 mon·

408 3004 595 3085 strat
619 3003 945 3084 coelestis
977 3009 1321 3084 veritatis
1359 3002 1823 3111 Cynosura:
1866 3001 1954 3081 fi.

1607 3115 1944 3226 quidem
