2134 3423
358 53 711 143 -·E1›‚.1
776 80 812 139 s
884 48 945 139 ’τ
1013 84 1066 138 o
1141 80 1192 137 1.
1259 79 1365 138 Ε.
1476 60 1700 175 w205'

161 167 627 281 aliquandiu
647 227 673 265 ,
707 196 798 254 ut
816 171 1120 253 Daniel*
1145 168 1545 281 Propheta
1568 183 1695 257 in·
1769 195 1780 206 ·

108 326 111 329 ·
165 311 287 369 ter
303 287 582 370 leones
600 340 625 377 ‚
654 290 764 365 ita
777 291 859 365 in
879 282 1164 373 medio,
1189 280 1535 365 hostium
1565 313 1695 370 tu..

145 425 271 493 ra,
291 408 604 509 &pene
617 395 1110 490 securafu‘it,
1142 422 1388 479 novas
1428 398 1696 484 turbas

161 522 249 597 δε
295 510 878 622 persecutiones
914 505 1400 594 Reformatis
1431 520 1697 595 immi-

158 652 371 706 nere
387 650 658 706 rumor
687 625 821 707 est.
878 623 975 705 Id
1031 650 1202 705 non
1244 624 1571 713 obscure
1597 656 1696 710 ex

158 733 568 852 postremis
593 746 741 820 tuis
769 737 871 818 ad
890 740 996 820 D.
1026 739 1413 820 Voetium
1451 740 1695 822 literis

158 851 716 932 intelleximus·
760 851 914 931 Hae
936 876 1031 932 ut
1055 877 1151 935 ut
1181 879 1329 933 nos
1356 860 1696 964 graviter
1826 935 1840 945 ,

159 959 557 1060 afficiant,
581 962 778 1045 nihil
796 963 1024 1045 nobis
1060 988 1277 1052 certe
1319 966 1696 1076 relinqui·
1785 1002 1789 1006 ·

164 1102 334 1182 tur,
377 1103 619 1187 quam
672 1102 765 1159 ut
796 1077 1078 1159 nostris
1108 1077 1468 1189 precibus
1501 1080 1692 1161 Deo

160 1191 474 1272 causam
521 1191 736 1272 suam
793 1192 1174 1273 tuendam
1212 1199 1695 1273 unanimiter

161 1304 843 1386 commendemus:
868 1311 1005 1414 qui
1041 1303 1268 1385 facile
1300 1306 1504 1386 mala
1521 1335 1695 1388 om-

157 1421 292 1496 nia
316 1417 364 1495 a
396 1416 542 1498 suis
589 1417 942 1500 avertere
969 1475 992 1511 ‚
1023 1419 1192 1508 vel,
1232 1416 1287 1496 fi
1310 1420 1535 1501 aliter
1554 1419 1689 1531 ipfi

157 1528 409 1611 visum
448 1526 725 1623 fuerit,
753 1538 989 1613 etiam
1029 1538 1110 1611 in
1149 1530 1451 1612 bonum
1491 1561 1688 1614 con-

158 1667 472 1726 vertere
517 1645 803 1756 potest.·
854 1642 1072 1758 Qae
1108 1672 1301 1727 vero
1334 1698 1377 1731 ,Δ
1410 1672 1688 1758 praeter

159 1784 592 1839 commune
612 1758 814 1840 istud
836 1767 1150 1870 piorum
1172 1767 1532 1840 omnium
1561 1758 1686 1841 of-

157 1868 436 1951 ficium
457 1928 479 1963 ‚
498 1870 841 1953 nostram
856 1871 1359 1983 prudentiam
1383 1928 1405 1964 ‚
1438 1869 1691 1982 pieta-³

162 2009 332 2063 tem
375 2039 401 2076 ,
436 1982 680 2066 fidem
709 2009 951 2095 atque
997 1982 1520 2065 constantia-m
1561 2012 1689 2065 re·-

159 2104 491 2206 quirunt
511 2155 534 2193 ,
561 2126 731 2201 *non
746 2104 1028 2201 injuria
1067 2095 1327 2175 multo
1351 2101 1688 2198 majores

161 2236 385 2289 curas
428 2218 508 2291 in
544 2238 691 2293 nos
734 2211 1088 2292 derivare
1128 2205 1523 2290 videntur.
1582 2210 1685 2289 11..
1753 2217 1760 2224 ’

157 2321 300 2403 lud
346 2321 701 2434 profe&o
740 2331 823 2404 in
865 2327 1129 2436 primis
1178 2327 1686 2433 experiuntur

152 2428 435 2517 'fideles
462 2438 679 2520 verbi
723 2436 1087 2529 ministri,
1130 2450 1268 2544 qui
1307 2461 1491 2515 cum
1530 2462 1683 2548 pu·-
1809 2433 1812 2436 ’

158 2555 377 2630 rioris
444 2549 819 2632 doch-inae
876 2555 1411 2660 patrocinium
1457 2551 1686 2632 susci-

155 2675 391 2771 piunt
409 2721 433 2758 ,
451 2665 858 2745 virulentis
879 2685 970 2762 ac
988 2669 1395 2744 venenatis
1438 2663 1684 2744 male-

154 2778 534 2857 volorum
582 2778 753 2857 telis
791 2799 1216 2887 petuntur,
1251 2800 1425 2882 quae
1458 2772 1513 2851 fi
1546 2801 1688 2861 aut

121 2879 559 2972 'declinare
593 2914 732 2970 aut
763 2911 1224 2996 retorquere
1257 2911 1678 2981 conantur,

153 2995 567 3084 affefflbus
600 3010 865 3115 potius
895 3000 1084 3101 suis,
1121 2994 1687 3111 quamveritati

1097 3168 1100 3171 <
1538 3133 1682 3191 aut
