2134 3423
184 291 508 370 tionem
550 341 575 378 ,
614 294 712 368 in
753 313 910 401 qua
956 293 1174 382 haud
1225 309 1733 400 mediocriter

175 404 432 479 etiam
484 397 812 497 summi,
859 415 982 489 uti
1021 412 1296 512 video,
1329 419 1728 541 Theologi

174 508 700 595 desudarunt.
763 518 1147 606 Mirabilis
1203 530 1339 614 hic
1384 538 1726 639 judicio·

175 648 365 701 rum
391 621 906 737 discrepantia
921 636 1056 729 est,
1087 640 1294 726 adeo.
1311 674 1402 731 ut
1417 657 1586 733 nori
1602 663 1723 737 in-

165 738 383 837 juria
403 733 711 829 dixeris,
734 760 1238 862 quotcapita‚
1260 781 1385 843 tot
1406 762 1535 844 sen
1545 791 1723 851 ten—

175 854 335 928 tiae.
385 847 613 960 Qae'
637 855 965 963 quidem
1013 866 1452 955 meditandi
1487 882 1721 964 nobis

173 960 449 1041 ansam
464 965 845 1072 praebent,
870 999 1150 1061 verum
1169 980 1478 1069 seorfim
1496 992 1595 1072 ab
1629 1002 1717 1076 iis

172 1072 575 1155 sentiendi
609 1094 613 1098 “
645 1079 1100 1175 libertatem
1162 1120 1331 1180 non
1396 1106 1716 1190 tollunt.

174 1184 351 1298 Ego
376 1188 566 1268 vero
593 1246 619 1281 ‚
646 1218 1106 1310 quanquam
1136 1211 1474 1299 arbitror
1495 1244 1579 1300 tu
1589 1221 1716 1302 tis-

173 1297 460 1381 fimum
476 1296 653 1385 fore
670 1314 1002 1418 ignorari
1012 1324 1200 1402 tiam
1220 1323 1355 1410 hic
1370 1336 1443 1411 in
1452 1333 1714 1444 genn&

175 1411 584 1524 profiteri,
625 1443 932 1520 tamen,
977 1441 1161 1541 quia
1195 1465 1333 1549 per
1377 1448 1713 1530 vestram

175 1529 815 1638 expedi-ationem
848 1542 937 1623 id
987 1546 1219 1629 nobis
1264 1579 1435 1637 non
1474 1560 1706 1658 licet,

173 1637 453 1722 saltem
493 1645 793 1758 aliquid
834 1661 916 1737 in
959 1662 1315 1748 medium
1342 1668 1705 1772 afferam3
1769 1708 1778 1718 ·

173 1778 529 1864 cumque
547 1766 630 1840 iu
649 1788 779 1845 tan
792 1792 868 1848 ta
887 1762 1213 1884 ealigine
1238 1794 1323 1862 δε
1336 1794 1707 1885 acutiori-

173 1862 321 1947 bus
360 1879 447 1950 &
485 1868 1026 1966 hebetioribus
1072 1886 1400 2002 in'geniis
1426 1900 1707 1985 eadem

168 1979 384 2090 pene}
418 1983 579 2065 sors
610 1987 747 2085 fit,
780 1998 1050 2077 malim
1082 2003 1415 2086 aliorum
1439 2037 1705 2097 exem-

167 2095 304 2204 plo
390 2108 789 2210 propriam
859 2106 1124 2194 dicere
1193 2114 1703 2222 sententiam,

167 2208 425 2317 quam
483 2213 757 2298 alicnae
833 2219 1279 2338 suffragium
1351 2235 1726 2323 nostrum-

167 2324 721 2410 commodare.
781 2334 989 2417 Illud
1047 2368 1316 2425 autem
1354 2354 1702 2458 inprimis

167 2433 303 2518 hic
326 2439 778 2545 tenendum
796 2450 1145 2535 existimo
1165 2514 1187 2549 ‚
1222 2460 1704 2571 Apostolum

164 2549 269 2629 ad
280 2548 787 2661 probandam
824 2554 1462 2657 resurreffionezm
1485 2610 1702 2668 mor-

167 2687 508 2743 tuorum
535 2673 976 2778 graviffimis
1019 2686 1148 2765 uti.
1175 2704 1698 2796 argumentis,

162 2780 868 2897 quorum-fingula
890 2814 1165 2902 urgeat
1191 2805 1473 2902 acriter
1488 2862 1514 2902 ,
1548 2834 1703 2894 nec

164 2887 690 3004 non.fingulis
738 2926 880 3010 pro
927 2906 1286 3015 pondere>
1326 2922 1701 3031 cujusque

163 3007 667 3090 immoretur.
719 3009 1144 3128 Postquam
1186 3028 1419 3135 igitur
1473 3057 1702 3135 argu-
1775 3040 1782 3055 '

974 3130 1056 3208 G
1118 3158 1164 3208 2
1476 3162 1702 3216 men-
