2134 3423
417 41 1320 134 ErrsroLA.
1533 73 1662 155 155

131 161 465 245 debatur
483 217 505 249 ‚
522 158 680 240 dici
698 158 1252 240 consueverint
1272 190 1291 236 ε
1323 155 1436 238 fin
1458 185 1650 245 vero

127 275 225 357 ad
269 298 562 386 panem
602 271 772 352 haec
799 267 1213 354 referenda
1235 267 1655 368 affirment,

119 396 282 492 jam
309 382 377 466 πῖ
396 387 573 466 πιεῖν
593 413 762 466 non
779 382 1070 467 inferet
1118 378 1183 463 n*
1201 382 1653 480 sacrificare,

126 508 511 612 quoniam
542 496 1054 609 nusquam‚ut
1084 499 1296 580 redte
1332 498 1601 579 statuis
1624 554 1651 593 ,

122 622 203 695 in
239 619 494 696 veteri
528 607 831 693 foedere
874 611 959 694 id
1009 638 1257 723 genus
1315 611 1661 695 oblatio-

123 755 319 807 num
342 720 740 810 transferri
755 724 955 807 solet
975 755 1003 805 .·
1024 724 1409 806 Praeterea
1431 725 1655 806 nulla

123 839 693 948 consequentia
708 837 960 942 est,·7o
995 838 1472 949 Interpretes
1495 866 1655 920 ·vo-

123 980 303 1034 cem
339 950 769 1031 Hebraeam
808 976 1208 1033 vertentes
1249 953 1465 1046 ωιέῖν,
1513 950 1654 1032 ubi

122 1066 417 1147 scilicet
440 1061 538 1145 de
563 1060 967 1145 Sacrificiis
996 1062 1354 1176 agitursn?
1373 1060 1655 1144 sacrifi-

94 1251 99 1255 .
125 1205 302 1260 care
319 1175 969 1289 intendunt3ergo
988 1187 1071 1259 &
1087 1176 1221 1259 hic
1238 1176 1654 1288 Euangeli-

124 1291 273 1372 stae.
297 1294 376 1370 A
398 1290 843 1403 particulari
862 1296 1168 1403 *quippe
1198 1289 1300 1372 ad
1336 1298 1652 1373 univer-

123 1403 273 1496 iale
300 1401 576 1501 vitiose
593 1402 1076 1513 proceditur.
1121 1405 1239 1486 At
1267 1411 1450 1515 quia
1467 1403 1653 1485 nul-

125 1517 205 1597 lo
228 1524 314 1596 in
331 1518 515 1598 loco
532 1514 753 1597 Novi
774 1513 988 1597 Test.
1012 1515 1173 1599 hoc
1195 1517 1374 1600 sens
1361 1547 1412 1597 u
1434 1543 1655 1630 repe·
1779 1549 1796 1556 Ἢ

126 1635 325 1711 ritur
380 1686 406 1724 ,
470 1656 621 1710 nec
656 1626 904 1710 Arabs
947 1656 1089 1713 aut
1121 1631 1353 1740 Syrus
1385 1636 1650 1737 (cujus

123 1742 505 1825 idiomate
561 1741 964 1824 Christum
1017 1745 1386 1835 locutum
1430 1735 1674 1836 fuiss‘e

123 1857 456 1954 volunt)
490 1854 638 1937 illis
659 1861 1085 1967 quicquam
1113 1854 1424 1951 favent,
1459 1880 1649 1938 con-

127 1977 452 2051 trarium
475 1974 736 2079 potius
755 1996 1034 2053 verum
1064 1966 1217 2050 esse
1238 1965 1657 2051 concludi-

124 2108 327 2162 mus,
373 2081 621 2161 Porro
648 2080 802 2193 ipsa
837 2088 1162 2163 materia
1194 2110 1288 2163 ac
1325 2086 1658 2161 circum·-

124 2195 426 2278 stantiae
462 2220 724 2277 textus
772 2197 966 2277 Luc.
1014 2223 1131 2275 22..
1173 2223 1274 2294 19.
1333 2192 1674 2279 illorum⁴

102 2346 107 2349 v
125 2304 698 2419 expositionem
715 2308 949 2418 plane
975 2307 1374 2420 respuunt,
1399 2331 1652 2416 quan-

125 2416 568 2530 doquidem
619 2416 724 2499 ad
759 2418 1173 2532 discipulos
1212 2474 1234 2507 2
1285 2426 1423 2531 qui
1458 2443 1654 2501 tunc

118 2530 628 2614 solummodo
670 2532 1369 2636 communicabant
1418 2565 1441 2618 3
1482 2559 1654 2614 non

118 2662 397 2726 autem
422 2656 569 2747 (ne
592 2642 916 2754 quidem
944 2651 1173 2748 juxta
1206 2645 1657 2727 eorundem
1785 2664 1786 2671 ‘

117 2769 519 2847 mentem)
542 2754 1083 2842 sacrificabant
1099 2816 1123 2853 ,
1139 2758 1325 2838 haec
1339 2769 1657 2872 proprie

121 2870 488 2983 dirigitur
516 2876 798 2953 oratio.
860 2862 967 2957 Et
1013 2871 1069 2952 fi
1116 2869 1333 2952 hunc
1386 2873 1660 2951 locum

116 3010 314 3101 cum
330 3012 361 3064 1
379 2986 580 3070 Cor.
603 3008 692 3065 11.
710 2997 834 3065 26.
863 2981 1156 3099 diligen
1165 3009 1283 3087 ter
1304 2978 1660 3066 confera-

657 3111 661 3115 .
1460 3111 1663 3183 mus,
