2134 3423
424 46 555 129 354
621 17 1189 104 AMAMAE
1233 18 1280 97 εὶ
1318 18 1830 102 Scnvnn.

429 160 638 222 cura,
663 157 754 212 ac
789 132 1247 216 liberorum,
1272 138 1472 211 curis
1494 134 1966 215 melioribus

430 247 805 326 incumbe
827 303 849 339 ,
873 273 1044 354 qua:
1065 245 1331 325 Musas
1345 245 1640 355 sapiant
1667 300 1691 330 ‚
1723 257 1809 327 δε
1834 277 1969 328 ea·

429 382 608 439 rum
644 383 987 439 veneres,
1036 360 1363 452 Mirum,
1383 357 1579 467 quid
1621 365 1707 439 in
1733 368 1971 470 virgi.

430 503 590 553 neo
618 473 755 551 illo
776 472 1271 553 statu&otio
1325 474 1670 553 literario
1722 477 1958 553 indo·

432 589 544 666 les
567 584 797 696 poffit
817 642 839 677 ,
879 583 980 664 ad
1010 586 1168 665 alta
1209 610 1394 665 nata
1417 642 1442 678 ‚
1475 598 1560 670 δε
1587 611 1768 693 quae
1791 613 1960 665 non

433 702 672 780 tinsta
693 698 943 777 solum
965 752 986 782 ‚
1024 698 1158 779 sed
1179 696 1485 778 imbuta
1523 705 1965 779 amoeniote

435 814 862 902 literatura,
884 820 1225 891 nominis
1240 812 1351 892 sui
1368 806 1685 904 famam,
1705 810 1967 893 doEkis

432 931 726 1036 ingenii
761 933 1301 1006 monumentis
1339 983 1360 1015 ,
1412 925 1515 1005 ad
1547 923 1963 1036 posterita-

437 1065 599 1117 tem
620 1063 999 1148 propagat
1015 1092 1036 1129 ,
1060 1050 1145 1121 δε
1165 1064 1311 1116 arae
1336 1044 1799 1118 aeternitatis
1821 1037 1965 1118 de-

432 1178 693 1233 vovet.
759 1151 994 1263 Qid
1052 1157 1267 1229 enim
1315 1151 1732 1260 scriptione
1777 1175 1957 1239 tua,

434 1262 629 1371 quid
693 1264 869 1342 stilo
916 1260 1193 1345 'terfius
1218 1321 1246 1355 ,
1284 1265 1478 1373 quid
1505 1262 1956 1344 venustius?

384 1457 387 1460 .
439 1377 695 1481 Cujus
730 1377 1239 1484 titstm‘Sturas
1281 1379 1587 1485 aliquot
1621 1374 1834 1470 vidi,
1878 1383 1959 1454 in

439 1501 589 1570 tuis
618 1513 869 1601 nuper
909 1490 1012 1571 ad
1053 1489 1433 1587 Colvium
1466 1490 1749 1573 literis,
1791 1516 1960 1570 non

433 1609 722 1680 minori
745 1607 1294 1696 admiratione,
1331 1604 1576 1711 quam
1590 1602 1958 1713 volupta-

436 1742 517 1798 te
546 1722 898 1796 an'imum
936 1742 1209 1796 meum
1229 1711 1588 1797 affecere.
1639 1718 1759 1797 Ita
1782 1722 1955 1796 lati-

433 1858 555 1910 nae
603 1855 829 1928 erant
868 1887 891 1923 ‚
947 1840 1032 1910 δι’
1079 1856 1562 1938 quamquam
1599 1829 1954 1939 virginali

434 1953 679 2055 gratia
702 2000 725 2036 ,
753 1954 835 2024 δέ
857 1942 1207 2024 candore
1255 1940 1953 2035 dulciffimae‚mire

439 2085 704 2139 tamen
736 2068 973 2136 etiam
1006 2055 1493 2137 sententiosa:
1530 2065 1616 2137 δε
1653 2081 1950 2165 graves.

435 2167 680 2284 Qafi
730 2169 869 2249 sub
906 2196 1146 2248 manu
1198 2194 1385 2249 nata
1426 2222 1447 2252 ‚
1509 2191 1674 2248 tam
1708 2170 1953 2279 polita

433 2285 613 2364 sunt
638 2344 658 2379 ,
690 2311 848 2363 tam
869 2305 1231 2362 accurata
1265 2339 1287 2374 ,
1326 2278 1521 2390 quid
1551 2281 1743 2361 sena
1783 2308 1952 2363 tan-

435 2396 647 2487 dem,
675 2394 869 2504 quid
890 2394 1314 2485 elaborata,
1341 2406 1424 2475 Sc
1443 2415 1955 2502 quae,·utcurn

433 2508 685 2589 Poeta
702 2508 1340 2614 loquardemotfis
1352 2506 1957 2619 unguesfipiunt?

437 2620 593 2704 Sed
616 2618 975 2699 laudibus
999 2629 1150 2698 tuis
1179 2621 1202 2724 (
1228 2648 1419 2728 quas
1437 2628 1799 2729 ignorare
1819 2648 1956 2731 pe-

314 2747 318 2752 ’
428 2740 714 2843 tegrini
738 2732 845 2813 est
866 2789 886 2825 ,
911 2730 1378 2812 diffimulare
1406 2730 1792 2842 improbi)
1830 2762 1958 2813 te-

431 2845 833 2926 censendis
884 2846 1573 2954 impraesentiarum
1617 2845 1955 2955 superse-

431 2958 611 3041 deo,
629 2984 731 3037 ne
753 2955 1150 3069 quodmei
1181 2964 1426 3039 motis
1450 2984 1621 3040 non
1645 2957 1795 3154 esst,
1841 2957 1956 3039 as·-

601 3111 609 3121 ·
1703 3096 1956 3155 entan

2055 2736 2062 2933 ff
