<?xml version="1.0" encoding="UTF-8"?>
<!DOCTYPE html PUBLIC "-//W3C//DTD XHTML 1.0 Transitional//EN"
    "http://www.w3.org/TR/xhtml1/DTD/xhtml1-transitional.dtd">
<html xmlns="http://www.w3.org/1999/xhtml" xml:lang="en" lang="en">
 <head>
  <title>
</title>
<meta http-equiv="Content-Type" content="text/html;charset=utf-8" />
  <meta name='ocr-system' content='tesseract 3.04.00' />
  <meta name='ocr-capabilities' content='ocr_page ocr_carea ocr_par ocr_line ocrx_word'/>
</head>
<body>
  <div class='ocr_page' id='page_1' title='image "./nobilissvirgini00bevegoog/nobilissvirgini00bevegoog_0203.png"; bbox 0 0 2134 3423; ppageno 0'>
   <div class='ocr_carea' id='block_1_1' title="bbox 132 3 1741 2256">
    <p class='ocr_par' dir='ltr' id='par_1_1' title="bbox 132 3 1741 2256">
     <span class='ocr_line' id='line_1_1' title="bbox 429 3 1661 109; baseline 0.001 -27"><span class='ocrx_word' id='word_1_1' title='bbox 429 3 800 84; x_wconf 71' lang='lat' dir='ltr'>Err‘s</span> <span class='ocrx_word' id='word_1_2' title='bbox 868 18 1403 87; x_wconf 50' lang='lat' dir='ltr'>rorans</span> <span class='ocrx_word' id='word_1_3' title='bbox 1535 3 1661 109; x_wconf 84' lang='lat'>185</span> 
     </span>
     <span class='ocr_line' id='line_1_2' title="bbox 150 112 1667 230; baseline 0.001 -34"><span class='ocrx_word' id='word_1_4' title='bbox 150 112 418 230; x_wconf 85' lang='lat' dir='ltr'>Qod</span> <span class='ocrx_word' id='word_1_5' title='bbox 448 142 760 210; x_wconf 81' lang='lat' dir='ltr'>autem,</span> <span class='ocrx_word' id='word_1_6' title='bbox 791 114 942 197; x_wconf 87' lang='lat' dir='ltr'>five</span> <span class='ocrx_word' id='word_1_7' title='bbox 986 118 1512 225; x_wconf 83' lang='lat' dir='ltr'>qualicunque</span> <span class='ocrx_word' id='word_1_8' title='bbox 1550 125 1667 197; x_wconf 79' lang='lat' dir='ltr'>in-</span> 
     </span>
     <span class='ocr_line' id='line_1_3' title="bbox 136 225 1667 342; baseline 0 -32"><span class='ocrx_word' id='word_1_9' title='bbox 136 228 442 342; x_wconf 82' lang='lat' dir='ltr'>genioli</span> <span class='ocrx_word' id='word_1_10' title='bbox 474 235 633 307; x_wconf 87' lang='lat' dir='ltr'>mei</span> <span class='ocrx_word' id='word_1_11' title='bbox 679 236 1069 336; x_wconf 87' lang='lat' dir='ltr'>tyrocinio</span> <span class='ocrx_word' id='word_1_12' title='bbox 1099 282 1121 320; x_wconf 89' lang='lat'>,</span> <span class='ocrx_word' id='word_1_13' title='bbox 1162 225 1314 309; x_wconf 83' lang='lat' dir='ltr'>five</span> <span class='ocrx_word' id='word_1_14' title='bbox 1345 254 1667 337; x_wconf 87' lang='lat' dir='ltr'>magno·</span> 
     </span>
     <span class='ocr_line' id='line_1_4' title="bbox 136 338 1664 452; baseline 0 -30"><span class='ocrx_word' id='word_1_15' title='bbox 136 351 318 431; x_wconf 83' lang='lat' dir='ltr'>rum</span> <span class='ocrx_word' id='word_1_16' title='bbox 343 349 703 423; x_wconf 78' lang='lat' dir='ltr'>&#39;virorum</span> <span class='ocrx_word' id='word_1_17' title='bbox 734 338 1217 452; x_wconf 74' lang='lat' dir='ltr'>persuasione</span> <span class='ocrx_word' id='word_1_18' title='bbox 1257 339 1664 430; x_wconf 66' lang='lat' dir='ltr'>addustus‚</span> 
     </span>
     <span class='ocr_line' id='line_1_5' title="bbox 132 451 1741 540; baseline -0.004 0"><span class='ocrx_word' id='word_1_19' title='bbox 132 454 752 540; x_wconf 81' lang='lat' dir='ltr'>nostrinominis&#39;</span> <span class='ocrx_word' id='word_1_20' title='bbox 784 461 1172 536; x_wconf 89' lang='lat' dir='ltr'>rationem</span> <span class='ocrx_word' id='word_1_21' title='bbox 1189 451 1481 534; x_wconf 88' lang='lat' dir='ltr'>habere</span> <span class='ocrx_word' id='word_1_22' title='bbox 1506 481 1669 535; x_wconf 65' lang='lat' dir='ltr'>coe-</span> <span class='ocrx_word' id='word_1_23' title='bbox 1730 456 1741 471; x_wconf 87' lang='grc'><em>“</em></span> 
     </span>
     <span class='ocr_line' id='line_1_6' title="bbox 133 565 1668 678; baseline 0.003 -33"><span class='ocrx_word' id='word_1_24' title='bbox 133 567 338 678; x_wconf 65' lang='lat' dir='ltr'>pistis</span> <span class='ocrx_word' id='word_1_25' title='bbox 362 565 445 647; x_wconf 91' lang='lat' dir='ltr'>id</span> <span class='ocrx_word' id='word_1_26' title='bbox 463 566 662 665; x_wconf 64' lang='lat' dir='ltr'>nihil</span> <span class='ocrx_word' id='word_1_27' title='bbox 677 618 699 660; x_wconf 81' lang='lat'><strong>,</strong></span> <span class='ocrx_word' id='word_1_28' title='bbox 734 592 871 648; x_wconf 90' lang='lat' dir='ltr'>aut</span> <span class='ocrx_word' id='word_1_29' title='bbox 905 592 1120 647; x_wconf 87' lang='lat' dir='ltr'>certe</span> <span class='ocrx_word' id='word_1_30' title='bbox 1134 590 1409 678; x_wconf 87' lang='lat' dir='ltr'>parum</span> <span class='ocrx_word' id='word_1_31' title='bbox 1429 568 1668 652; x_wconf 68' lang='lat' dir='ltr'>causat</span> 
     </span>
     <span class='ocr_line' id='line_1_7' title="bbox 134 675 1667 790; baseline -0.001 -30"><span class='ocrx_word' id='word_1_32' title='bbox 134 675 429 771; x_wconf 83' lang='lat' dir='ltr'>fuisset,</span> <span class='ocrx_word' id='word_1_33' title='bbox 457 707 600 761; x_wconf 85' lang='lat' dir='ltr'>cur</span> <span class='ocrx_word' id='word_1_34' title='bbox 629 708 758 761; x_wconf 88' lang='lat' dir='ltr'>me</span> <span class='ocrx_word' id='word_1_35' title='bbox 782 705 942 761; x_wconf 88' lang='lat' dir='ltr'>tam</span> <span class='ocrx_word' id='word_1_36' title='bbox 956 677 1369 790; x_wconf 87' lang='lat' dir='ltr'>magnifice</span> <span class='ocrx_word' id='word_1_37' title='bbox 1393 678 1667 759; x_wconf 87' lang='lat' dir='ltr'>lauda-</span> 
     </span>
     <span class='ocr_line' id='line_1_8' title="bbox 141 788 1665 904; baseline -0.003 -30"><span class='ocrx_word' id='word_1_38' title='bbox 141 798 272 874; x_wconf 79' lang='lat' dir='ltr'>t&#39;es</span> <span class='ocrx_word' id='word_1_39' title='bbox 293 846 315 881; x_wconf 91' lang='lat'>‚</span> <span class='ocrx_word' id='word_1_40' title='bbox 351 789 487 897; x_wconf 70' lang='lat' dir='ltr'>nili</span> <span class='ocrx_word' id='word_1_41' title='bbox 504 792 677 904; x_wconf 15' lang='lat' dir='ltr'>*huc</span> <span class='ocrx_word' id='word_1_42' title='bbox 699 794 910 873; x_wconf 90' lang='lat' dir='ltr'>ultro</span> <span class='ocrx_word' id='word_1_43' title='bbox 935 818 1015 874; x_wconf 90' lang='lat' dir='ltr'>te</span> <span class='ocrx_word' id='word_1_44' title='bbox 1047 788 1465 904; x_wconf 68' lang='lat' dir='ltr'>impulisset</span> <span class='ocrx_word' id='word_1_45' title='bbox 1488 788 1665 871; x_wconf 83' lang='lat' dir='ltr'>infi-</span> 
     </span>
     <span class='ocr_line' id='line_1_9' title="bbox 147 905 1667 1018; baseline 0.001 -36"><span class='ocrx_word' id='word_1_46' title='bbox 147 907 325 1014; x_wconf 86' lang='lat' dir='ltr'>gnis</span> <span class='ocrx_word' id='word_1_47' title='bbox 358 905 483 984; x_wconf 74' lang='lat' dir='ltr'>illa</span> <span class='ocrx_word' id='word_1_48' title='bbox 524 912 734 1018; x_wconf 87' lang='lat' dir='ltr'>genii</span> <span class='ocrx_word' id='word_1_49' title='bbox 775 912 890 986; x_wconf 90' lang='lat' dir='ltr'>tui</span> <span class='ocrx_word' id='word_1_50' title='bbox 926 905 1386 1015; x_wconf 86' lang='lat' dir='ltr'>benignitas.</span> <span class='ocrx_word' id='word_1_51' title='bbox 1451 906 1667 984; x_wconf 89' lang='lat' dir='ltr'>Inte-</span> 
     </span>
     <span class='ocr_line' id='line_1_10' title="bbox 147 1016 1670 1126; baseline 0.002 -29"><span class='ocrx_word' id='word_1_52' title='bbox 147 1023 301 1099; x_wconf 85' lang='lat' dir='ltr'>rim</span> <span class='ocrx_word' id='word_1_53' title='bbox 327 1043 582 1098; x_wconf 85' lang='lat' dir='ltr'>tamen</span> <span class='ocrx_word' id='word_1_54' title='bbox 606 1046 775 1101; x_wconf 91' lang='lat' dir='ltr'>non</span> <span class='ocrx_word' id='word_1_55' title='bbox 804 1016 1292 1099; x_wconf 85' lang='lat' dir='ltr'>diffimulabo</span> <span class='ocrx_word' id='word_1_56' title='bbox 1327 1041 1670 1126; x_wconf 81' lang='lat' dir='ltr'>quanto-</span> 
     </span>
     <span class='ocr_line' id='line_1_11' title="bbox 150 1129 1668 1241; baseline 0.003 -34"><span class='ocrx_word' id='word_1_57' title='bbox 150 1155 335 1239; x_wconf 88' lang='lat' dir='ltr'>pere</span> <span class='ocrx_word' id='word_1_58' title='bbox 353 1130 539 1212; x_wconf 82' lang='lat' dir='ltr'>mihi</span> <span class='ocrx_word' id='word_1_59' title='bbox 558 1133 939 1241; x_wconf 80' lang='lat' dir='ltr'>gratuler,</span> <span class='ocrx_word' id='word_1_60' title='bbox 989 1129 1212 1241; x_wconf 90' lang='lat' dir='ltr'>quod</span> <span class='ocrx_word' id='word_1_61' title='bbox 1246 1130 1554 1213; x_wconf 88' lang='lat' dir='ltr'>videam</span> <span class='ocrx_word' id='word_1_62' title='bbox 1588 1150 1668 1211; x_wconf 77' lang='lat' dir='ltr'>re</span> 
     </span>
     <span class='ocr_line' id='line_1_12' title="bbox 142 1241 1666 1355; baseline 0.001 -33"><span class='ocrx_word' id='word_1_63' title='bbox 142 1241 410 1322; x_wconf 83' lang='lat' dir='ltr'>studiis</span> <span class='ocrx_word' id='word_1_64' title='bbox 448 1246 725 1328; x_wconf 87' lang='lat' dir='ltr'>nostris</span> <span class='ocrx_word' id='word_1_65' title='bbox 767 1243 1166 1355; x_wconf 85' lang='lat' dir='ltr'>impendio</span> <span class='ocrx_word' id='word_1_66' title='bbox 1203 1242 1461 1328; x_wconf 85' lang='lat' dir='ltr'>favere</span> <span class='ocrx_word' id='word_1_67' title='bbox 1486 1300 1508 1337; x_wconf 93' lang='lat'>,</span> <span class='ocrx_word' id='word_1_68' title='bbox 1547 1269 1666 1327; x_wconf 52' lang='lat' dir='ltr'>atf-</span> 
     </span>
     <span class='ocr_line' id='line_1_13' title="bbox 142 1356 1695 1469; baseline 0.006 -36"><span class='ocrx_word' id='word_1_69' title='bbox 142 1383 301 1464; x_wconf 89' lang='lat' dir='ltr'>que</span> <span class='ocrx_word' id='word_1_70' title='bbox 343 1356 545 1440; x_wconf 88' lang='lat' dir='ltr'>adeo</span> <span class='ocrx_word' id='word_1_71' title='bbox 579 1356 1065 1469; x_wconf 85' lang='lat' dir='ltr'>paradoxum</span> <span class='ocrx_word' id='word_1_72' title='bbox 1095 1364 1269 1439; x_wconf 82' lang='lat' dir='ltr'>vitae</span> <span class='ocrx_word' id='word_1_73' title='bbox 1324 1384 1516 1437; x_wconf 85' lang='lat' dir='ltr'>meae</span> <span class='ocrx_word' id='word_1_74' title='bbox 1546 1366 1695 1460; x_wconf 42' lang='lat' dir='ltr'>inps</span> 
     </span>
     <span class='ocr_line' id='line_1_14' title="bbox 140 1466 1669 1580; baseline -0.002 -29"><span class='ocrx_word' id='word_1_75' title='bbox 140 1467 507 1565; x_wconf 80' lang='lat' dir='ltr'>stitutum</span> <span class='ocrx_word' id='word_1_76' title='bbox 534 1483 674 1551; x_wconf 85' lang='lat' dir='ltr'>tuo</span> <span class='ocrx_word' id='word_1_77' title='bbox 712 1467 921 1580; x_wconf 82' lang='lat' dir='ltr'>quali</span> <span class='ocrx_word' id='word_1_78' title='bbox 963 1470 1347 1580; x_wconf 84' lang='lat' dir='ltr'>Apollinis</span> <span class='ocrx_word' id='word_1_79' title='bbox 1402 1466 1669 1550; x_wconf 87' lang='lat' dir='ltr'>suffra-</span> 
     </span>
     <span class='ocr_line' id='line_1_15' title="bbox 139 1580 1669 1693; baseline 0.001 -29"><span class='ocrx_word' id='word_1_80' title='bbox 139 1587 272 1690; x_wconf 86' lang='lat' dir='ltr'>gio</span> <span class='ocrx_word' id='word_1_81' title='bbox 335 1580 850 1693; x_wconf 70' lang='lat' dir='ltr'>comprobari.</span> <span class='ocrx_word' id='word_1_82' title='bbox 916 1583 1117 1664; x_wconf 89' lang='lat' dir='ltr'>Sunt</span> <span class='ocrx_word' id='word_1_83' title='bbox 1167 1590 1376 1662; x_wconf 88' lang='lat' dir='ltr'>enim</span> <span class='ocrx_word' id='word_1_84' title='bbox 1426 1580 1669 1665; x_wconf 77' lang='lat' dir='ltr'>hodie</span> 
     </span>
     <span class='ocr_line' id='line_1_16' title="bbox 136 1691 1668 1806; baseline -0.005 -25"><span class='ocrx_word' id='word_1_85' title='bbox 136 1722 310 1781; x_wconf 79' lang='lat' dir='ltr'>non</span> <span class='ocrx_word' id='word_1_86' title='bbox 339 1709 565 1806; x_wconf 80' lang='lat' dir='ltr'>pauci</span> <span class='ocrx_word' id='word_1_87' title='bbox 595 1754 618 1790; x_wconf 88' lang='lat'>,</span> <span class='ocrx_word' id='word_1_88' title='bbox 644 1703 775 1806; x_wconf 86' lang='lat' dir='ltr'>qui</span> <span class='ocrx_word' id='word_1_89' title='bbox 800 1710 1092 1778; x_wconf 87' lang='lat' dir='ltr'>nonita</span> <span class='ocrx_word' id='word_1_90' title='bbox 1119 1691 1344 1778; x_wconf 88' lang='lat' dir='ltr'>facile</span> <span class='ocrx_word' id='word_1_91' title='bbox 1374 1724 1668 1777; x_wconf 76' lang='lat' dir='ltr'>conce-</span> 
     </span>
     <span class='ocr_line' id='line_1_17' title="bbox 138 1806 1669 1915; baseline -0.004 -26"><span class='ocrx_word' id='word_1_92' title='bbox 138 1806 386 1909; x_wconf 80' lang='lat' dir='ltr'>deren</span> <span class='ocrx_word' id='word_1_93' title='bbox 397 1833 429 1889; x_wconf 87' lang='lat' dir='ltr'>t</span> <span class='ocrx_word' id='word_1_94' title='bbox 456 1816 538 1887; x_wconf 93' lang='lat' dir='ltr'>in</span> <span class='ocrx_word' id='word_1_95' title='bbox 564 1835 779 1890; x_wconf 88' lang='lat' dir='ltr'>tuam</span> <span class='ocrx_word' id='word_1_96' title='bbox 797 1809 922 1890; x_wconf 86' lang='lat' dir='ltr'>sen</span> <span class='ocrx_word' id='word_1_97' title='bbox 934 1816 1262 1891; x_wconf 88' lang='lat' dir='ltr'>tentiam</span> <span class='ocrx_word' id='word_1_98' title='bbox 1289 1847 1308 1898; x_wconf 71' lang='grc' dir='ltr'><strong><em>ς</em></strong></span> <span class='ocrx_word' id='word_1_99' title='bbox 1345 1815 1505 1888; x_wconf 86' lang='lat' dir='ltr'>imo</span> <span class='ocrx_word' id='word_1_100' title='bbox 1531 1815 1669 1915; x_wconf 87' lang='lat' dir='ltr'>qui</span> 
     </span>
     <span class='ocr_line' id='line_1_18' title="bbox 138 1919 1670 2031; baseline -0.001 -32"><span class='ocrx_word' id='word_1_101' title='bbox 138 1945 426 2016; x_wconf 72' lang='lat' dir='ltr'>contra</span> <span class='ocrx_word' id='word_1_102' title='bbox 479 1922 910 2007; x_wconf 76' lang='lat' dir='ltr'>statuerent</span> <span class='ocrx_word' id='word_1_103' title='bbox 964 1921 1416 2031; x_wconf 84' lang='lat' dir='ltr'>politiorem</span> <span class='ocrx_word' id='word_1_104' title='bbox 1453 1919 1670 1998; x_wconf 86' lang='lat' dir='ltr'>hunc</span> 
     </span>
     <span class='ocr_line' id='line_1_19' title="bbox 135 2034 1670 2123; baseline -0.01 -1"><span class='ocrx_word' id='word_1_105' title='bbox 135 2058 514 2123; x_wconf 72' lang='lat' dir='ltr'>ornatum</span> <span class='ocrx_word' id='word_1_106' title='bbox 544 2034 809 2119; x_wconf 87' lang='lat' dir='ltr'>nostro</span> <span class='ocrx_word' id='word_1_107' title='bbox 864 2034 1073 2114; x_wconf 79' lang='lat' dir='ltr'>sexui</span> <span class='ocrx_word' id='word_1_108' title='bbox 1113 2037 1433 2117; x_wconf 85' lang='lat' dir='ltr'>minime</span> <span class='ocrx_word' id='word_1_109' title='bbox 1475 2057 1670 2113; x_wconf 87' lang='lat' dir='ltr'>con-</span> 
     </span>
     <span class='ocr_line' id='line_1_20' title="bbox 134 2139 1673 2256; baseline -0.001 -32"><span class='ocrx_word' id='word_1_110' title='bbox 134 2154 410 2232; x_wconf 81' lang='lat' dir='ltr'>venire</span> <span class='ocrx_word' id='word_1_111' title='bbox 445 2204 469 2239; x_wconf 87' lang='lat'>,</span> <span class='ocrx_word' id='word_1_112' title='bbox 522 2175 783 2256; x_wconf 85' lang='lat' dir='ltr'>neque</span> <span class='ocrx_word' id='word_1_113' title='bbox 822 2146 1049 2227; x_wconf 89' lang='lat' dir='ltr'>nobis</span> <span class='ocrx_word' id='word_1_114' title='bbox 1099 2144 1530 2255; x_wconf 87' lang='lat' dir='ltr'>promiscue</span> <span class='ocrx_word' id='word_1_115' title='bbox 1570 2139 1673 2223; x_wconf 87' lang='lat' dir='ltr'>ad</span> 
     </span>
    </p>
   </div>
   <div class='ocr_carea' id='block_1_2' title="bbox 133 2255 1868 2367">
    <p class='ocr_par' dir='ltr' id='par_1_2' title="bbox 133 2255 1868 2367">
     <span class='ocr_line' id='line_1_21' title="bbox 133 2255 1868 2367; baseline -0.002 -31"><span class='ocrx_word' id='word_1_116' title='bbox 133 2255 298 2337; x_wconf 90' lang='lat' dir='ltr'>hoc</span> <span class='ocrx_word' id='word_1_117' title='bbox 330 2260 710 2340; x_wconf 73' lang='lat' dir='ltr'>Minervae</span> <span class='ocrx_word' id='word_1_118' title='bbox 760 2262 1167 2341; x_wconf 80' lang='lat' dir='ltr'>sacrarium</span> <span class='ocrx_word' id='word_1_119' title='bbox 1200 2256 1509 2337; x_wconf 84' lang='lat' dir='ltr'>aditum</span> <span class='ocrx_word' id='word_1_120' title='bbox 1531 2284 1670 2367; x_wconf 86' lang='lat' dir='ltr'>pa·</span> <span class='ocrx_word' id='word_1_121' title='bbox 1785 2272 1789 2276; x_wconf 78' lang='grc'><em>’</em></span> <span class='ocrx_word' id='word_1_122' title='bbox 1863 2308 1868 2317; x_wconf 50' lang='lat'><em>1</em></span> 
     </span>
    </p>
   </div>
   <div class='ocr_carea' id='block_1_3' title="bbox 130 2365 1741 3155">
    <p class='ocr_par' dir='ltr' id='par_1_3' title="bbox 136 2365 1696 2482">
     <span class='ocr_line' id='line_1_22' title="bbox 136 2365 1696 2482; baseline 0 -31"><span class='ocrx_word' id='word_1_123' title='bbox 136 2396 327 2451; x_wconf 84' lang='lat' dir='ltr'>tere.</span> <span class='ocrx_word' id='word_1_124' title='bbox 364 2374 721 2453; x_wconf 87' lang='lat' dir='ltr'>Invenies</span> <span class='ocrx_word' id='word_1_125' title='bbox 739 2380 1033 2482; x_wconf 88' lang='lat' dir='ltr'>itaque,</span> <span class='ocrx_word' id='word_1_126' title='bbox 1054 2370 1140 2450; x_wconf 79' lang='lat' dir='ltr'>ni</span> <span class='ocrx_word' id='word_1_127' title='bbox 1165 2365 1419 2465; x_wconf 87' lang='lat' dir='ltr'>fallor,</span> <span class='ocrx_word' id='word_1_128' title='bbox 1448 2395 1696 2465; x_wconf 42' lang='lat' dir='ltr'>anta-xx</span> 
     </span>
    </p>

    <p class='ocr_par' dir='ltr' id='par_1_4' title="bbox 130 2482 1714 2591">
     <span class='ocr_line' id='line_1_23' title="bbox 130 2482 1714 2591; baseline 0.001 -30"><span class='ocrx_word' id='word_1_129' title='bbox 130 2483 503 2591; x_wconf 85' lang='lat' dir='ltr'>gonistas,</span> <span class='ocrx_word' id='word_1_130' title='bbox 524 2511 675 2567; x_wconf 89' lang='lat' dir='ltr'>nec</span> <span class='ocrx_word' id='word_1_131' title='bbox 696 2482 941 2565; x_wconf 86' lang='lat' dir='ltr'>infimi</span> <span class='ocrx_word' id='word_1_132' title='bbox 962 2482 1282 2565; x_wconf 84' lang='lat' dir='ltr'>subsellii</span> <span class='ocrx_word' id='word_1_133' title='bbox 1299 2484 1671 2578; x_wconf 76' lang='lat' dir='ltr'>viroS,ubi</span> <span class='ocrx_word' id='word_1_134' title='bbox 1710 2501 1714 2504; x_wconf 80' lang='grc'><em>“</em></span> 
     </span>
    </p>

    <p class='ocr_par' dir='ltr' id='par_1_5' title="bbox 130 2595 1672 2709">
     <span class='ocr_line' id='line_1_24' title="bbox 130 2595 1672 2709; baseline 0 -35"><span class='ocrx_word' id='word_1_135' title='bbox 130 2595 303 2677; x_wconf 81' lang='lat' dir='ltr'>haec</span> <span class='ocrx_word' id='word_1_136' title='bbox 318 2600 493 2708; x_wconf 85' lang='lat' dir='ltr'>plus</span> <span class='ocrx_word' id='word_1_137' title='bbox 514 2626 750 2709; x_wconf 89' lang='lat' dir='ltr'>quam</span> <span class='ocrx_word' id='word_1_138' title='bbox 771 2596 1220 2694; x_wconf 65' lang='lat' dir='ltr'>dm&#39;Summt</span> <span class='ocrx_word' id='word_1_139' title='bbox 1238 2624 1454 2678; x_wconf 89' lang='lat' dir='ltr'>nunc</span> <span class='ocrx_word' id='word_1_140' title='bbox 1490 2598 1672 2703; x_wconf 69' lang='lat' dir='ltr'>sune</span> 
     </span>
    </p>

    <p class='ocr_par' dir='ltr' id='par_1_6' title="bbox 133 2705 1729 2821">
     <span class='ocr_line' id='line_1_25' title="bbox 133 2705 1729 2821; baseline -0.002 -34"><span class='ocrx_word' id='word_1_141' title='bbox 133 2706 557 2791; x_wconf 81' lang='lat' dir='ltr'>hominum</span> <span class='ocrx_word' id='word_1_142' title='bbox 577 2710 913 2818; x_wconf 76' lang='lat' dir='ltr'>judicia)</span> <span class='ocrx_word' id='word_1_143' title='bbox 937 2706 1503 2821; x_wconf 86' lang='lat' dir='ltr'>propugnanda</span> <span class='ocrx_word' id='word_1_144' title='bbox 1527 2705 1675 2785; x_wconf 84' lang='lat' dir='ltr'>sus-</span> <span class='ocrx_word' id='word_1_145' title='bbox 1726 2709 1729 2712; x_wconf 68' lang='grc'>’</span> 
     </span>
    </p>

    <p class='ocr_par' dir='ltr' id='par_1_7' title="bbox 135 2816 1673 2934">
     <span class='ocr_line' id='line_1_26' title="bbox 135 2816 1673 2934; baseline -0.003 -31"><span class='ocrx_word' id='word_1_146' title='bbox 135 2833 455 2934; x_wconf 79' lang='lat' dir='ltr'>ceperis.</span> <span class='ocrx_word' id='word_1_147' title='bbox 517 2825 1092 2908; x_wconf 82' lang='lat' dir='ltr'>Verumtamen</span> <span class='ocrx_word' id='word_1_148' title='bbox 1117 2879 1140 2915; x_wconf 88' lang='lat'>,</span> <span class='ocrx_word' id='word_1_149' title='bbox 1178 2831 1361 2901; x_wconf 76' lang='lat' dir='ltr'>c&#39;urn</span> <span class='ocrx_word' id='word_1_150' title='bbox 1398 2816 1537 2897; x_wconf 77' lang='lat' dir='ltr'>nbi</span> <span class='ocrx_word' id='word_1_151' title='bbox 1586 2829 1673 2899; x_wconf 76' lang='grc' dir='ltr'>δε</span> 
     </span>
    </p>

    <p class='ocr_par' dir='ltr' id='par_1_8' title="bbox 131 2927 1741 3155">
     <span class='ocr_line' id='line_1_27' title="bbox 131 2927 1741 3130; baseline -0.011 -107"><span class='ocrx_word' id='word_1_152' title='bbox 131 2944 582 3064; x_wconf 61' lang='lat' dir='ltr'>omnigenae</span> <span class='ocrx_word' id='word_1_153' title='bbox 603 2936 1075 3130; x_wconf 53' lang='lat' dir='ltr'>eruditioffls</span> <span class='ocrx_word' id='word_1_154' title='bbox 1094 2990 1118 3027; x_wconf 89' lang='lat'>,</span> <span class='ocrx_word' id='word_1_155' title='bbox 1137 2944 1218 3016; x_wconf 71' lang='grc' dir='ltr'>δε</span> <span class='ocrx_word' id='word_1_156' title='bbox 1238 2927 1679 3042; x_wconf 81' lang='lat' dir='ltr'>sapientiffi-</span> <span class='ocrx_word' id='word_1_157' title='bbox 1734 2929 1741 2934; x_wconf 71' lang='grc'><strong>’</strong></span> 
     </span>
     <span class='ocr_line' id='line_1_28' title="bbox 367 3063 1668 3155; baseline 0.012 -50"><span class='ocrx_word' id='word_1_158' title='bbox 367 3066 379 3074; x_wconf 87' lang='grc'><em>·</em></span> <span class='ocrx_word' id='word_1_159' title='bbox 1089 3073 1140 3152; x_wconf 77' lang='lat'>5.</span> <span class='ocrx_word' id='word_1_160' title='bbox 1380 3081 1381 3084; x_wconf 42' lang='lat'>¹</span> <span class='ocrx_word' id='word_1_161' title='bbox 1521 3063 1668 3155; x_wconf 62' lang='lat' dir='ltr'>{11ae</span> 
     </span>
    </p>
   </div>
  </div>
 </body>
</html>
