2134 3423
431 6 588 110 198
673 5 1225 94 AMAMAE
1267 8 1312 92 a
1347 12 1847 97 Senum.

453 150 593 203 mo
624 124 1195 209 consuevimus·
1243 128 1603 237 Superest
1633 126 1985 227 officium

451 234 834 332 nostrum3
858 247 983 344 cuj
992 243 1080 320 u's
1092 242 1350 351 partes
1373 242 1580 335 sunt,
1601 268 1694 322 ea
1709 239 1986 323 dunta-
2076 326 2077 339 Ν

450 376 793 461 xat,quae
811 353 948 434 sub
967 355 1311 434 nostram
1333 352 1980 436 deliberationem
2076 372 2077 421 ῖ

388 488 396 496 ’
451 462 780 561 cadunt,
808 466 1831 579 &industriasscprudentia
1849 496 1998 549 nor
2076 544 2077 549 Ν

449 575 604 657 stra
624 577 1038 660 moderari.
1073 579 1599 690 Nihilutique
1639 609 1792 661 nos
1816 608 1966 692 per-

347 702 354 707 ’
450 689 642 772 inde
690 695 1277 804 tranquillitatis
1319 722 1499 775 arce
1519 693 1831 796 dejicit,
1868 719 1963 773 at·
2076 770 2077 777 ,

451 831 613 913 que
645 832 879 917 prava
909 808 1301 918 exempla,
1333 818 1418 890 &
1462 803 1778 888 fallaces
1819 807 1963 886 ille·
2076 846 2077 867 ψ

451 916 707 999 cebrae
754 920 987 1023 hujus
1008 919 1287 1001 seculi:
1319 948 1411 1004 ut
1434 926 1600 1024 jam
1617 933 1964 1001 omittam

454 1031 687 1115 taedia
726 1044 808 1116 δι
847 1033 1236 1115 molestias
1285 1091 1310 1129 ‚
1366 1061 1540 1146 qua:
1585 1033 1966 1115 conditio·
2076 1036 2077 1057 ¹

446 1171 638 1226 nem
654 1174 975 1239 eorum,
1016 1154 1157 1258 qui
1198 1150 1420 1230 velut
1447 1154 1532 1227 in
1572 1146 1965 1259 proscenio

443 1255 579 1360 huj
593 1285 680 1338 us
704 1259 985 1341 mundi
1007 1260 1820 1372 versantur,perpetuo
1840 1289 1968 1360 co·
2076 1316 2077 1361 ;

442 1378 706 1455 mitari
739 1372 1015 1455 solent.
1042 1375 1262 1457 Huic
1284 1399 1553 1456 autem
1574 1374 1787 1454 malo
1811 1399 1965 1455 non

442 1483 663 1565 aliud
702 1496 1024 1568 invenio
1056 1487 1499 1599 expeditius
1539 1485 1967 1568 remedium

442 1595 690 1707 quarn
720 1599 1161 1681 studiorum
1188 1598 1581 1683 secessum.
1637 1601 1963 1693 Etenim,

442 1713 769 1823 quando
805 1715 1392 1828 corruptiffimis
1433 1715 1701 1827 paffim
1732 1720 1966 1795 mori-
2076 1713 2077 1748 ³

443 1824 588 1908 bus
625 1826 867 1911 hodie
889 1836 1177 1912 vivitur
1214 1887 1239 1922 ,
1272 1836 1401 1912 vix
1437 1828 1550 1910 est
1588 1855 1680 1910 ut
1701 1828 1967 1937 aliquis

441 1966 758 2024 tantum
794 1941 1091 2025 ardoris
1132 1942 1236 2022 ad
1300 1951 1676 2024 virtutem
1719 1940 1968 2051 prose-

436 2057 842 2164 quendam
858 2058 1123 2137 inaliis
1137 2054 1522 2138 accendat
1542 2110 1564 2140 ,
1585 2078 1969 2165 quantum

435 2168 593 2277 ipse
641 2177 779 2279 qui
836 2166 1236 2279 frequenti
1290 2169 1711 2250 hominum
1771 2195 1970 2247 con-

429 2281 873 2363 versatione
896 2290 1174 2377 utitur,
1203 2284 1672 2394 plerumque
1697 2278 1797 2360 de
1834 2280 1975 2360 suo
2076 2367 2077 2388 ÷

427 2400 798 2475 remittit:
822 2393 1211 2477 Hicvero
1240 2402 1561 2477 remotis
1576 2395 1723 2472 illis
1743 2392 1974 2495 hujus
2076 2393 2077 2480 j

295 2577 303 2589 .
425 2501 663 2582 seculi
677 2505 1091 2615 ptaestigii5‚
1112 2511 1403 2596 rectius.
1423 2507 1522 2589 de
1543 2506 1777 2589 rebus
1793 2535 1984 2586 om-·

422 2615 657 2697 nibus
682 2617 1172 2721 judicamus,
1215 2633 1302 2705 &
1330 2650 1504 2733 quae
1543 2619 1974 2732 prophanis

419 2727 843 2838 hominum
877 2741 1152 2815 animis
1200 2735 1807 2816 admirationem
1849 2737 1976 2811 in-

422 2840 703 2931 dicunt
728 2912 748 2945 ,
798 2871 975 2929 tuto
1016 2856 1639 2958 contemnimus.
1671 2845 1834 2925 Hic
1872 2845 1972 2923 li·

291 2965 292 2968 '
413 2981 551 3038 eet
573 2964 664 3040 in
704 2965 876 3041 otio
928 2955 1176 3045 Mufis
1224 2987 1690 3077 opportuno
1728 2983 1966 3040 men-
2076 3045 2077 3052 Ν

1796 3094 1967 3153 tem
2076 3101 2077 3110 ¹
