2134 3423
404 70 409 73 ·
478 27 546 111 E
605 53 675 108 1»r
715 53 749 107 1
811 50 852 106 s
893 34 1003 108 ’τ’
1053 54 1107 107 o
1180 49 1228 108 L
1297 46 1472 110 Α»
1574 52 1728 127 229‘

99 150 103 155 ’
204 139 1220 252 ἤημωέθιίωὴειῌιιεὶηειηῑίε
1243 145 1523 221 amoris
1540 169 1722 252 erga

196 287 335 342 me
352 267 501 339 tui.
549 255 719 366 Ego
733 281 1007 338 revera
1023 253 1176 334 five
1196 260 1535 334 materiae
1548 280 1726 363 gra-

196 380 559 455 vitatem,
585 365 739 449 five
758 383 976 449 venat
1005 364 1489 452 affluentiam
1507 422 1531 458 ‚
1566 363 1723 446 five

136 484 144 490 ’
200 480 595 568 ῑωᾶειηάἑ
612 479 947 561 modum
971 477 1072 558 ad
1097 486 1474 589 pietatem
1487 479 1724 587 plane

200 592 737 705 compofitum
767 649 791 684 ‚
838 590 991 673 five
1054 598 1443 701 genuinos
1483 590 1723 670 vestri
1781 641 1787 667 ÷

128 724 135 731 '
201 708 613 790 ldiomatis
642 707 987 816 lepores»,
1010 703 1292 814 quibus
1325 729 1725 791 matrona-

201 819 545 919 ledecus
565 820 904 899 orationi
933 817 1331 898 conciliari
1349 815 1564 905 solet,
1591 843 1725 895 ac-

207 939 551 1022 curatius
566 928 971 1044 perpendo
999 987 1020 1022 ,
1043 928 1127 1010 id
1149 929 1219 1011 sa
1230 937 1321 1009 tis
1336 927 1526 1007 mihi
1546 952 1728 1038 per-

205 1045 524 1156 spexiffe
576 1051 855 1125 videor
895 1097 918 1127 2
975 1042 1172 1125 haut
1237 1036 1463 1121 facile
1528 1040 1725 1150 ipsos

207 1160 500 1245 Poeta-s
518 1158 906 1240 laureatos
922 1211 946 1250 ,
971 1183 1171 1265 quos
1192 1151 1434 1239 hodie
1463 1152 1728 1237 Gallia

140 1327 150 1335 ·
205 1271 462 1356 vestra
501 1294 915 1379 tantopere
960 1267 1427 1359 admiratur,
1457 1292 1727 1377 parem

188 1456 193 1461 ,
206 1386 544 1498 gloriam
560 1388 645 1461 -in
666 1379 887 1466 simili
921 1400 1386 1492 argumento
1425 1379 1727 1463 'relatu-

208 1524 368 1579 ros.
405 1499 530 1582 Sic
553 1519 770 1591 extra
789 1520 1032 1575 omne
1066 1492 1525 1604 obsequium
1538 1510 1725 1603 pro.-

204 1616 517 1694 'nunc-io
531 1665 556 1702 ‚
585 1603 899 1690 'tametsi
919 1612 1248 1719 gratiam
1263 1601 1744 1690 acfavorem.

215 1727 426 1807 illius
441 1718 1013 1831 Principiss'eme
1034 1748 1200 1801 non
1219 1717 1730 1806 mediocriter

217 1853 534 1950 captare
572 1834 817 1925 libere
879 1830 1282 1943 profiteor.
1342 1830 1396 1879 ἦ
1421 1828 1546 1885 ³¹⁶*
1582 1828 1730 1910 he-‘

211 1959 518 2038 micam
558 1953 642 2032 in
713 1946 1135 2058 Religione
1212 1941 1733 2023 constantiam

215 2088 634 2173 nun-quam
657 2075 801 2171 pro
824 2063 1108 2152 merito
1131 2055 1301 2135 satis
1336 2050 1735 2163 praedicari
1769 2070 1773 2074 ·

220 2174 439 2291 poffe
461 2181 689 2277 juxta
709 2185 1030 2261 mecum
1061 2195 1305 2267 nemo
1326 2192 1489 2246 non
1510 2160 1738 2245 fateri
1831 2203 1836 2210 t

222 2290 770 2396 debetseoque
792 2290 1031 2394 magis
1066 2338 1089 2374 ‚
1121 2278 1344 2392 quod
1364 2277 1737 2360 hancvir-

224 2429 487 2491 tutem
511 2412 595 2479 in
612 2399 793 2479 sexu
818 2397 1087 2479 nostro
1122 2404 1359 2479 rarius
1391 2398 1739 2477 eminere

221 2512 737 2601 contendunt
778 2534 1093 2590 morum
1123 2504 1495 2618 Magistri.
1540 2505 1739 2587 Pro-

221 2628 416 2715 inde
461 2652 630 2705 non
666 2621 965 2714 'dubito
1011 2628 1203 2731 quin
1245 2646 1406 2701 tam
1447 2617 1745 2697 illustre

227 2739 684 2851 exemplum
726 2741 902 2815 viris
951 2750 1189 2815 etiam
1215 2725 1695 2839 Principibus
1720 2784 1742 2819 ,

102 2871 119 2886 ‘
225 2880 577 2966 quorum
610 2876 777 2928 non
806 2842 1031 2956 pauei
1071 2844 1207 2927 sub
1229 2842 1515 2925 eodem
1535 2842 1743 2926 coelo

219 2979 397 3056 nati
427 2963 474 3050 εὶ
500 2967 838 3047 veritate
891 2956 1298 3060 defecere,
1343 2964 1548 3039 vires,
1585 2963 1747 3029 ani-

982 3072 1041 3155 P
1101 3102 1133 3175 3
1489 3087 1747 3147 mum·-
