2134 3423
434 6 487 60 2
600 6 700 58 A.
734 6 1141 56 mnium
1193 6 1240 55 a
1280 6 1397 58 >c
1430 6 1784 60 H-VRM.

437 120 600 201 que
668 87 1221 196 copiofiffimus
1314 116 1484 169 non
1561 117 1718 168 una
1783 118 1930 170 am
1953 141 1989 158 -

436 208 639 316 plius
663 217 982 310 regione
1002 229 1143 281 aut
1181 228 1427 310 regno
1452 202 2014 284 circumscribi-

442 343 709 426 queat.
776 315 1037 394 Nullis
1056 309 1413 425 profeero
1438 342 1658 423 aeque
1683 344 1774 395 ac
1826 317 1984 396 hu·-
2061 399 2062 426 ;

434 429 780 535 jusmodi
813 426 1105 508 deliciis
1146 425 1520 507 obleetari
1545 427 1789 520 sole0,
1825 458 1987 523 nee

448 571 531 627 te
574 542 722 622 hac
758 550 839 620 in
892 566 1113 652 parte
1156 535 1438 621 fefellit
1481 566 1613 620 tua
1670 541 1771 621 de
1828 572 1989 625 no·

446 657 613 739 stris
633 654 897 736 studiis
922 661 1218 766 opinio·
1264 655 1988 739 Verumenimvero

446 767 665 852 haud
681 771 955 848 leviter
976 767 1264 848 rubore
1278 766 1706 852 suffundor,
1726 768 1990 878 quod,

449 880 606 963 five
634 893 887 964 amico
917 881 1269 993 quodam
1297 910 1597 975 errore,
1634 879 1786 963 five
1829 885 1988 966 hu-

394 1083 399 1096 f
451 1004 850 1077 manitatis
896 994 1237 1107 quadam
1273 1005 1775 1108 exuperantia
1805 1025 1991 1094 ran-

457 1137 622 1192 tam
645 1108 834 1188 m'ihi
864 1109 1323 1206 eruditionis
1347 1107 1663 1191 laudem
1684 1109 1991 1200 tribuis,

455 1249 553 1304 ut
585 1231 823 1324 etiam
851 1221 895 1302 ἑ
937 1223 1207 1303 nostro
1249 1224 1652 1336 ingeniolo
1685 1222 1994 1333 aliquid

453 1337 769 1430 luminis
788 1338 1059 1420 illustri
1086 1335 1274 1418 huic
1304 1336 1709 1449 quaestioni
1728 1334 1991 1417 foene-

455 1450 609 1542 rari
640 1446 851 1559 pdffe
886 1449 1314 1536 existimem
1339 1452 1752 1563 praesertim
1791 1476 1996 1533 vero

459 1562 648 1643 curn
672 1559 1188 1673 toeprimaria
1225 1565 1358 1666 huj
1372 1592 1457 1643 us
1490 1564 1739 1644 saeculi
1769 1569 1994 1675 inge-

458 1684 593 1757 nia
631 1684 712 1780 in
752 1674 911 1764 hoc
951 1702 1202 1758 unum
1237 1704 1520 1783 nervos
1559 1703 1836 1758 omnes
1876 1686 1994 1758 in-

464 1785 793 1869 tendisse
813 1788 1252 1871 videantur.
1284 1793 1731 1871 Humanius
1754 1798 1995 1901 igitur

457 1898 648 1984 facis
669 1931 907 2015 quam
924 1931 1064 2015 pro
1101 1904 1387 1986 viribus
1415 1916 1646 1994 meis,
1688 1904 1917 2013 quod
1949 1902 1992 1982 εὶ

461 2044 594 2096 me
639 2028 836 2128 petis
864 2046 954 2099 ut
986 2045 1517 2107 marmoreum
1544 2015 1588 2096 ὲ
1621 2016 1990 2098 Parnasso

463 2124 1267 2240 fastigiumirnponam
1285 2132 1467 2211 huic
1496 2136 1712 2240 operi
1734 2138 1992 2209 omni-

464 2238 612 2320 bus
652 2241 1183 2350 undequaque
1231 2250 1578 2321 numeris·
1602 2241 1998 2323 absoluto.
2061 2306 2062 2321 2

471 2351 739 2463 Qod
771 2350 821 2431 fi
850 2354 1059 2436 ultro
1096 2355 1292 2435 mihi
1314 2382 1755 2466 arrogarem
1774 2413 1803 2447 ,
1824 2361 1993 2459 fam
2029 2418 2062 2441 ,

465 2469 594 2546 vel
639 2466 947 2564 nullum
988 2471 1221 2580 plane
1264 2464 1670 2550 tenuitati&
1712 2470 1995 2550 nostrae

467 2578 769 2660 sensum
804 2590 1224 2664 retinerem
1245 2640 1272 2674 ‚-
1304 2581 1430 2662 vel
1454 2605 1667 2662 certe
1697 2589 1808 2661 rei
1828 2636 1851 2670 ,
1892 2582 1991 2662 de

354 2702 355 2705 ‘
470 2722 629 2805 qua
659 2704 1031 2802 quaeritur
1066 2753 1091 2789 ,
1130 2693 1680 2776 difficultatem
1726 2702 1994 2775 neuti-

366 2874 394 2893 γ,
471 2832 709 2914 quam
726 2807 1258 2917 perspicerem.
1307 2807 1439 2887 Ne
1462 2802 1725 2887 tamen
1748 2814 1834 2885 in·
1871 2807 1989 2886 su-
2061 2840 2062 2895 3

396 2944 408 2964 ⁴
469 2919 896 3030 spinionem
916 2936 1229 3002 veniam
1253 2918 1462 3029 apud
1494 2946 1614 3014 te,
1658 2917 1876 3028 quafi
1912 2927 1998 2997 in
2059 2932 2062 2961 j

696 3041 707 3051 '
1754 3031 1989 3113 castra
2061 3070 2062 3077 ¹
