2134 3423
478 57 654 133 ηιμ
720 30 819 112 A.
851 31 1110 120 Maru
1133 55 1259 112 1AE
1306 28 1356 111 εὶ·
1389 33 1436 113 S
1458 43 1594 113 cin
1628 54 1756 124 vn
1789 58 1897 111 M.

481 146 614 239 tui,
657 142 1245 258 similitudinem
1297 172 1564 254 gerere
1615 144 2034 225 existimoa.

480 261 869 342 Maximas
884 267 1120 368 igitur
1137 256 1275 338 tibi
1297 286 1446 367 ago
1465 251 2005 368 gratiaS,quod

482 370 856 456 musaeum
874 389 1160 452 'meum
1177 439 1182 444 .
1182 375 1212 472 j
1223 397 1408 452 uxta
1429 399 1520 451 ac
1540 396 2006 480 gynaeceum

478 474 802 599 egregiis
819 482 937 562 his
961 491 1443 566 ornamentis
1468 480 2005 564 condecorare

482 599 845 707 dignatus
868 593 977 675 fis·
1002 595 1351 676 Postulas
1370 624 1462 679 ut
1476 595 1653 688 tibi,
1681 594 1878 703 quid
1902 592 2004 675 de
2035 701 2036 704 Ν

481 708 642 790 hoc
659 709 939 816 scripto
965 708 1315 802 sentiam,
1332 709 1742 821 perliteras
1773 705 1998 817 figni-

479 820 741 932 ficem.
777 821 944 932 Ego
992 847 1311 912 revera‚.
1332 827 1681 934 quamvis
1696 826 1823 922 jus
1846 816 2006 900 suf·
2065 891 2070 898 .

478 931 703 1047 fragii
722 933 1135 1016 'ambitiose
1167 961 1334 1014 non
1353 930 1647 1041 *affeekp
1667 966 1685 1012 ε
1731 959 2016 1015 tamen-

479 1047 665 1159 quia
684 1055 1096 1148 veritatem
1118 1053 1196 1125 in
1220 1071 1440 1128 tanta
1459 1048 1638 1127 luce
1660 1045 2004 1157 posuisti,

480 1158 739 1250 ut,nifi
759 1164 929 1268 quis
949 1158 1393 1270 prejudiciis
1409 1160 2007 1271 plane-excaeca-
2067 1221 2070 1222 ν

481 1297 606 1351 tus
630 1268 745 1372 fit,
764 1274 1007 1353 latere
1021 1271 1255 1382 poffit
1282 1279 1679 1359 neminem
1696 1329 1719 1365 ,
1771 1270 2003 1354 nolui

478 1390 980 1467 committere
1027 1390 1123 1466 ut
1172 1384 1323 1467 hac
1377 1396 1458 1465 in
1510 1389 1731 1496 parte
1772 1384 2000 1468 obse-

476 1498 665 1606 quisi
687 1525 955 1579 meum
975 1496 1258 1609 merito
1281 1495 1709 1597 desiderare
1726 1524 1994 1609 queas.

478 1609 1149 1723 Qotiescunque
1228 1639 1418 1692 vero
1477 1636 1754 1696 omnes
1828 1616 1998 1713 ejus

472 1751 729 1835 partes
749 1752 890 1837 pro
949 1732 1064 1805 ius
1087 1722 1494 1806 confidero
1513 1783 1532 1813 ,
1566 1751 1734 1819 non
1755 1723 1996 1805 video

474 1836 615 1948 qui
638 1836 853 1919 hunc
910 1863 1161 1919 oetum
1185 1836 1386 1919 adeo
1410 1836 1749 1919 sublimis
1784 1841 2000 1947 genii

470 1957 587 2031 tui
635 1949 1563 2062 charastereinfignitum
1596 2007 1620 2043 ‚
1662 1948 1995 2044 inficiari

465 2062 719 2174 postis.
768 2065 1084 2167 Etenim
1101 2062 1201 2165 fic
1225 2092 1421 2163 verae
1438 2064 1830 2173 religionis
1846 2090 1995 2142 ne-

468 2183 777 2286 gotium
807 2177 936 2258 hic
976 2184 1267 2288 agitur,
1306 2202 1398 2258 ut
1428 2173 1825 2256 Pontificii
1851 2203 1987 2255 eo-

465 2314 805 2396 rumque
845 2296 1157 2398 patroni
1193 2351 1216 2383 ‚
1266 2287 1992 2369 antinnostratium

464 2397 935 2481 sententiam
957 2397 1358 2481 discedant
1379 2432 1399 2484 3
1442 2427 1581 2482 aut
1605 2425 1990 2510 tanquam

462 2505 604 2587 filii
623 2510 1049 2620 degeneres
1079 2512 1401 2594 SanEtos
1437 2513 1705 2594 Patres
1729 2568 1752 2604 ,
1779 2522 2018 2622 quo-’z

462 2647 641 2733 rum
658 2628 1185 2732 patrocinium
1204 2626 1387 2707 alias
1467 2624 1838 2719 raetexere
1863 2624 1980 2705 so.-
2001 2692 2012 2699 .

460 2734 655 2819 lent,
686 2734 1041 2818 deserant
1060 2734 1364 2820 necesse
1445 2763 1499 2819 t.
1526 2738 1682 2819 Pro
1714 2736 1986 2818 nostra

457 2848 1063 2933 nimirumcausa
1089 2849 1614 2932 venerandam
1630 2854 1980 2960 antiqui,
2073 2922 2078 2929 .

459 2980 708 3067 tatem
722 2962 886 3045 mili
895 2986 1057 3080 tare
1074 2964 1361 3076 evincis
1380 2999 1402 3061 3
1441 2990 1595 3069 nec
1614 2961 1842 3073 aliter
1863 2963 1973 3042 [a.

1867 3101 1983 3158 cn
