2134 3423
361 85 376 91 ·
461 83 556 164 92
653 49 1199 134 AMAMAE
1249 51 1296 131 εὶ
1332 51 1839 132 SchRM.

452 162 627 253 rem
648 226 672 261 ,
691 193 785 260 ut
809 167 1024 245 illam
1046 163 1259 278 apud
1281 190 1359 245 te
1390 164 1416 271 (
1440 171 1660 268 cujus⁴
1691 170 2029 275 pretio-

456 281 738 363 fiss'imo
765 284 1140 388 tempori,
1159 278 1285 357 vel
1309 280 1711 359 tantillum
1737 277 2019 358 detra-

460 393 651 475 here
672 391 890 504 pene.
908 393 1181 502 religio
1205 390 1313 471 est
1339 393 1365 499 )
1401 390 1649 471 otiose
1668 394 2014 472 ventila-

461 538 548 592 re
563 505 1311 588 auderem.Namita
1334 528 1412 584 te
1429 504 1805 614 accepiffe
1824 534 2008 615 per-

464 631 669 733 cipio
692 646 778 702 to
788 645 956 700 tum
976 645 1216 726 quem
1233 643 1510 698 contra
1528 645 1841 699 morem
1861 618 1909 696 h
1921 649 2007 697 o-

467 735 831 816 diernum
894 733 1377 811 institueram
1447 729 2004 811 controverfiae

462 848 775 928 statum.
812 861 1026 950 Qam
1041 849 1333 954 virgini
1354 841 1540 949 histe
1563 843 2010 956 temporibus

456 966 897 1076 potissimum
932 963 1323 1038 conveniat
1358 960 1749 1055 literarum
1785 956 2006 1039 bona·

467 1070 1409 1184 rumqueartiumstudium.
1471 1073 1676 1165 Hie,
1712 1101 2007 1155 vocem

457 1193 898 1301 potissi'mum
914 1184 1015 1264 sie
1028 1192 1109 1265 in
1120 1184 1805 1300 terpretaris‚quafi
1827 1187 2007 1268 eam

468 1311 639 1379 no'n
680 1298 1134 1409 comparate
1162 1295 1596 1408 *usurparim
1629 1295 1732 1377 ad
1756 1329 1998 1386 occu-

466 1419 870 1523 pationeS,
906 1408 1062 1492 five
1101 1438 1319 1491 curas
1349 1409 1756 1491 hodiernae
1786 1440 2000 1493 „con-

467 1525 897 1630 suetudinis
951 1549 1340 1635 receptas:
1388 1521 1521 1604 sed
1570 1524 1861 1605 collate
1899 1525 2000 1606 ad

471 1637 739 1721 sexum
775 1636 1118 1718 vestrum
1154 1669 1171 1716 ε
1220 1636 1586 1748 adeoque
1607 1632 1998 1720 *foeminas

475 1778 715 1863 quam
750 1761 956 1830 viros
1007 1749 1109 1830 ad
1171 1749 1420 1831 studia
1468 1758 1805 1862 aptiores
1846 1750 2002 1834 effe

473 1862 1052 1949 contenderim.
1105 1862 1323 1977 Qae
1357 1861 1410 1942 fi
1444 1864 1824 1946 statuatur
1858 1866 2000 1973 hy-

471 1977 811 2091 pothesis
833 2036 857 2073 ‚
895 2006 1062 2062 non
1085 1976 1331 2060 modo
1351 1976 1598 2059 diluta
1622 1988 1703 2061 δι
1725 1979 2003 2060 insulsa

472 2091 746 2188 videri,
767 2122 941 2203 quae
960 2122 1104 2204 pro
1127 2119 1302 2173 mea
1317 2088 1514 2171 'thesi
1536 2089 2000 2191 adduxerim

470 2202 971 2313 argumenta,
1007 2203 1141 2283 sed
1182 2214 1266 2285 &c
1286 2231 1510 2286 novae
1541 2233 1633 2284 ac
1650 2202 1999 2286 fastuosa:

469 2323 832 2397 vanitatis
877 2313 1160 2403 merito
1212 2313 1631 2398 insimulari
1670 2344 1994 2429 queant.

338 2451 345 2463 ·
407 2506 426 2511 ,
474 2423 832 2505 Tantum
852 2424 1045 2511 vero,
1070 2425 1803 2523 abest,uthoc.cum
1838 2442 1996 2513 vir-

466 2538 721 2650 ginali.
759 2537 1183 2631 modestia,
1229 2534 1368 2645 dut
1405 2542 1678 2627 saltem
1716 2551 1994 2626 innato

467 2648 661 2732 mihi
688 2652 995 2762 pudore
1033 2656 1864 2765 congruerearbitrer,
1906 2682 1998 2738 ut

467 2767 595 2845 vel
613 2765 1022 2876 perlegere,
1031 2778 1293 2879 pigeat
1313 2772 1728 2863 ttastatum
1759 2798 1866 2850 cae
1877 2796 1991 2851 te-

471 2876 559 2957 ra*
588 2877 964 2990 infignem
1000 2888 1344 2979 Lucretia
1373 2882 1840 2973 warinellae,
1864 2889 1989 2963 cui

472 2993 792 3081 titulum
823 2987 1165 3091 fecialia
1185 2993 1459 3082 nobilta
1491 2996 1529 3097 ὲ
1556 2997 1987 3096 l’excellenfa

725 3110 737 3118 ’
1110 3113 1119 3116 ’
1305 3108 1372 3117 ’“
1494 3114 1600 3121 ’”
1819 3108 1988 3194 deae
