2134 3423
451 82 557 156 94
649 48 1214 132 AMAMAE
1264 43 1310 127 a
1356 44 1878 131 Scnvnu.

448 171 950 277 inquirerem.
1016 159 1330 262 Subjeci
1365 159 1674 271 insuper
1700 187 2015 256 meam,

452 307 696 390 quam
751 305 980 387 aequo
1043 276 1658 358 consentaneam
1714 288 2013 465 Putavi

454 399 915 503 opinionem
944 447 966 482 ‚
1002 412 1141 468 aut
1156 396 1419 498 potius
1441 399 1520 465 in
1535 394 1694 468 'mei
1743 391 2007 469 imiles

455 501 851 587 affectum.
899 505 1399 612 Argumenta
1467 499 1818 611 denique
1861 531 2006 582 va-

456 625 575 700 ria
629 617 730 699 ad
781 642 1139 702 mentem
1198 614 1547 696 nostram
1603 614 2003 696 illustran-

462 732 688 824 dam,
719 757 885 811 non
908 730 1061 809 alio
1090 726 1249 808 fine
1269 729 1544 812 attuli,
1581 725 1725 808 nifi
1742 753 2000 839 utpro

463 855 581 927 tui
596 843 870 946 judicii
904 849 1329 923 acrimonia
1352 840 2006 952 dispiceresmun-

462 958 659 1067 quid
713 958 851 1039 tibi
898 982 1174 1038 contra
1231 953 2006 1065 solitasignorantiae

459 1098 698 1153 voees
725 1130 747 1166 ,
792 1100 884 1152 ac
914 1074 1355 1177 tyrannicas
1405 1069 2005 1152 consuetudinis

461 1187 673 1294 leges
694 1185 951 1264 valere
982 1181 1484 1266 viderentur..
1526 1182 1729 1262 Haec
1746 1209 2007 1293 pauca

462 1298 694 1375 latius
709 1295 1248 1406 persequenda
1271 1290 1419 1375 effe
1440 1295 1701 1375 censui
1719 1348 1756 1379 ‚-
1787 1294 2003 1376 utde

463 1421 730 1489 animo
761 1438 945 1492 meo
966 1465 988 1500 ‚
1014 1436 1259 1517 quem
1288 1407 1429 1488 tibi
1459 1408 1615 1490 scio
1639 1436 1786 1519 pro
1826 1403 2006 1489 om·

463 1531 547 1602 ni
569 1529 873 1604 ratione
895 1520 1245 1602 sufficere
1264 1577 1289 1615 ,
1312 1523 1760 1603 luculenter
1797 1551 2003 1603 con-

448 1633 721 1717 staret.
757 1638 949 1741 Bina
973 1662 1148 1745 quae
1183 1630 1373 1715 mihi
1408 1634 1746 1748 legenda
1789 1636 2001 1718 indi·

467 1760 816 1841 cavera5‚
862 1749 1228 1829 Ludovici
1272 1755 1482 1833 Vivis
1518 1757 1774 1861 capita
1813 1778 2005 1830 cum

466 1862 1088 1973 praecedentibus
1108 1890 1390 1974 magna
1412 1890 1598 1943 cum
1635 1860 2006 1975 volupta-

469 2001 551 2056 te
586 1977 825 2088 relegi
862 2034 884 2069 ‚
924 1976 1058 2057 ubi
1098 2005 1366 2063 revera
1413 2002 1572 2057 tam
1602 1978 2008 2057 concinna

470 2111 794 2199 tamque
829 2093 1192 2200 praeclara
1231 2089 1689 2197 Christiana:
1737 2084 2008 2170 foemi-

374 2218 381 2221 ⁴
465 2227 588 2280 nae
621 2202 1113 2282 instituendae
1150 2230 1430 2282 norma
1460 2200 2004 2313 praescribitur,

468 2339 563 2396 ut
616 2311 1127 2423 digniffimam
1170 2341 1344 2393 eam
1372 2315 1724 2417 judicem
1755 2370 1779 2399 ‚
1822 2345 2006 2426 quae

464 2423 710 2505 hodie
738 2431 1125 2534 virginum
1147 2426 1412 2509 studiis
1436 2457 1676 2538 quam
1693 2430 2009 2511 arfflffi-

467 2535 599 2616 me
643 2535 1131 2619 adhibeatur.
1198 2540 1616 2653 roirca
1665 2569 2009 2654 magno·

466 2678 653 2760 pere
674 2650 866 2731 mihi
899 2655 1287 2763 gratulor,
1314 2682 1498 2735 eum
1535 2656 1766 2735 nobis
1808 2686 2013 2738 con-

469 2760 711 2873 tigiffe
767 2765 1186 2848 sententiae.
1230 2792 1383 2861 tuae
1436 2775 2009 2876 interpretem,

468 2882 690 2978 cujus
707 2879 1270 2961 authoritatem
1291 2906 1380 2960 ut
1399 2883 1580 2959 alias
1598 2875 1806 2962 facio
1827 2885 2009 2991 plu-

466 2995 687 3086 rimi,
719 2991 821 3077 fic
856 3004 937 3076 &
959 2992 1208 3073 inhac
1246 2992 1465 3073 causa
1500 2992 2010 3077 libentiffime

1839 3134 2016 3188 am·
