2134 3423
456 28 611 127 278
850 24 918 106 L
971 50 1018 107 Ε
1091 54 1145 108 τ
1220 51 1275 106 τ
1349 48 1410 105 ιι
1471 49 1518 105 Β
1587 50 1625 105 s

338 208 342 221 .
438 136 561 225 de
604 136 1065 229 l'entremife
1109 138 1212 220 de
1239 165 1446 219 mon
1488 135 1800 231 devoir,
1839 145 1984 248 qui

440 249 698 361 ipuiffe
756 252 1254 363 contrepeser
1317 251 1394 331 la
1451 249 1820 332 'moindte
1880 251 1984 333 de

440 388 600 445 ’νος
615 361 919 447 faveurs
936 364 1221 475 qu'elle
1242 367 1391 444 m’a
1409 362 1808 473 produite.
1849 366 1986 445 De

460 476 666 559 sorte
690 506 845 589 que
869 504 1201 590 poutun
1233 476 1473 579 suje&
1498 475 1668 557 defi
1692 505 1853 589 peu
1883 477 1985 558 de

458 591 728 671 valent
769 591 825 670 il
868 618 1064 673 vous
1084 600 1146 670 ‘a
1173 590 1360 702 pleu
1392 588 1854 672 m'honoret
1884 590 1984 671 de

456 731 599 784 vos
642 705 950 785 Lettres
980 761 1002 796 ,
1033 713 1120 784 δε
1168 702 1269 783 de
1300 707 1507 784 m’en
1558 714 1980 811 remereier

458 843 650 895 avec
674 843 861 917 tant
876 815 975 923 de
995 811 1537 898 ressehtiment
1558 827 1641 897 δε
1664 815 1768 897 de
1797 816 1978 897 bien

457 930 918 1010 veuillance.
989 930 1092 1010 Et
1122 928 1222 1009 de
1265 929 1561 1041 surplus
1594 929 1646 1006 il
1687 929 1981 1011 semble

455 1057 694 1152 qu'en
720 1072 875 1124 une
915 1043 1177 1132 astion
1215 1039 1268 1121 fi
1289 1041 1585 1124 libre&
1608 1040 1661 1120 fi
1680 1036 1978 1152 gratui-

457 1180 540 1236 te
585 1184 785 1236 vous
836 1179 1029 1262 ayez
1079 1156 1325 1236 voulu
1363 1153 1703 1268 prendre
1751 1154 1856 1236 de
1881 1156 1980 1236 'la

456 1266 1036 1351 confideration
1092 1269 1216 1356 sur
1257 1270 1333 1349 le
1389 1275 1590 1349 tecit
1648 1273 1754 1349 de
1809 1294 1976 1348 mes

454 1381 858 1496 loiiange's:
873 1410 1011 1494 par
1035 1382 1109 1462 l'e
1128 1408 1416 1493 moyen
1452 1380 1892 1491 desquelles
1921 1382 1976 1462 11

450 1523 501 1574 a
527 1495 713 1606 pleu
747 1495 939 1599 &ma
957 1496 1195 1577 chere
1222 1495 1424 1577 soeur
1452 1505 1529 1576 &
1558 1492 1603 1574 ὲ
1624 1494 1978 1589 d’auttes

455 1606 556 1692 de
585 1635 748 1689 mes
785 1607 983 1695 bons
1018 1637 1235 1717 amys
1269 1665 1292 1701 ,
1333 1612 1797 1718 m’acquetit
1832 1634 1976 1691 vos

451 1723 957 1805 inclinations
978 1781 1000 1816 ,
1040 1734 1126 1805 δε
1160 1723 1526 1804 balancer
1545 1719 1970 1832 l'inegalite':

454 1834 645 1917 dela
663 1842 933 1947 partie.
954 1831 955 1834 ‘
976 1834 1390 1950 thuand
1418 1833 1465 1916 ἐι
1494 1863 1708 1941 moy,
1717 1834 1968 1936 j’esse-

448 1976 684 2057 veray
719 1950 1039 2062 plustost
1070 1977 1234 2030 mes
1257 1976 1465 2056 yeux
1499 1946 1546 2027 εὶ
1583 1950 1806 2030 Dieu
1833 1954 1971 2057 qui

338 2113 341 2116 -
448 2062 556 2146 est
600 2064 676 2143 le
717 2092 902 2171 vray
937 2063 1457 2174 dispensateur
1508 2072 1594 2143 δε
1631 2059 1973 2143 [οιιίὶίεῐι

448 2173 587 2256 des
617 2183 932 2258 amitiez
977 2173 1296 2269 fideles,
1338 2202 1494 2285 que
1533 2172 1632 2255 de
1651 2186 1967 2254 m’arre-

443 2289 599 2369 ster
613 2315 765 2370 aux
794 2285 1099 2369 faveurs
1125 2288 1318 2370 dela
1339 2285 1829 2368 renommee:
1868 2283 1970 2365 de

406 2486 413 2492 ,
442 2427 642 2592 Eeur
683 2428 839 2511 que
867 2402 942 2483 la
974 2399 1224 2483 verite
1256 2400 1543 2482 mesme
1572 2394 1820 2511 puiffe
1855 2396 1971 2478 es-

502 2513 758 2614 ranler
801 2541 893 2592 ee
941 2511 1460 2622 fondement‚
1494 2522 1580 2593 δε
1614 2514 1970 2593 m'inter-

440 2651 757 2736 compre
780 2652 918 2705 vos
960 2624 1265 2707 bon-nes
1294 2629 1583 2738 graces.
1618 2626 1830 2705 Mais
1863 2650 1970 2703 au

438 2743 833 2821 contraire
847 2739 922 2819 le
957 2737 1298 2833 tableau,
1324 2768 1463 2850 pat
1511 2736 1776 2847 lequel
1801 2742 1973 2841 j’ay

435 2850 859 2933 l’honneur
895 2850 995 2932 de
1034 2880 1232 2933 vous
1256 2850 1698 2962 cognoistre
1721 2905 1745 2941 ,
1767 2846 1971 2928 n'est

433 2986 568 3078 pas
608 2964 1084 3078 succeptible
1109 2964 1502 3066 d'erteur,
1537 2991 1640 3076 ny
1678 2961 1781 3042 de
1822 2959 1976 3040 de-

444 3085 455 3105 ’·
846 3093 849 3096 ·
954 3123 961 3134 1
1429 3109 1434 3116 ·
1717 3071 1978 3184 guise-
