2134 3423
479 47 586 138 96
688 29 1252 120 A.MA1R1AE.
1303 29 1351 109 a.
1387 29 1895 111 Scnv'RM.

477 151 600 247 lut
634 173 903 227 auram
933 146 1335 255 quandam
1357 142 1755 227 coelestem
1786 145 2044 228 avido

482 263 805 371 pectore
824 258 1134 340 haurire
1154 258 1368 339 soleo
1390 310 1414 341 ‚
1428 258 2052 367 perjucundum

472 373 668 472 mihi
697 370 851 454 fuit
863 380 1245 453 memoria
1263 393 1620 481 repetere
1636 372 2035 481 altiusque

478 513 752 570 tecum
773 494 1030 566 rimari
1054 538 1078 579 ,
1098 484 1509 596 quousque
1530 485 1871 566 naturali
1907 495 2033 567 in·-

479 601 837 683 tcllefius
874 601 1172 678 lumine
1203 593 1626 708 'detegatur
1666 605 1922 708 prima
1940 602 2030 679 il«-

476 716 553 795 la
609 712 1262 823 concupiscentia:
1314 711 1608 819 clugia.
1675 712 2027 792 Mem'ini

476 856 607 909 me
653 826 1086 935 aliquando
1130 850 1408 936 praeter
1461 821 1778 905 eximias
1846 825 2026 906 istas

476 966 814 1051 quarum
848 939 1039 1020 mihi
1079 945 1388 1049 copiam
1421 934 1668 1019 fecisti
1701 940 2028 1020 senten-

477 1063 618 1138 tias
640 1110 664 1147 ,
707 1052 1052 1156 ejusdem
1095 1077 1308 1132 notae
1352 1053 1775 1156 nonnullas
1809 1059 2027 1133 inter

423 1215 429 1231 ›
470 1165 901 1279 legendum
941 1161 1406 1257 observasse,
1449 1164 1579 1245 secl
1601 1166 2028 1247 unainstar

472 1285 835 1360 omnium
852 1288 1003 1361 erit
1046 1305 1221 1388 quae
1247 1276 1458 1390 apud
1487 1277 2021 1386 Philosopho-

471 1418 649 1471 rum
690 1390 1134 1502 Principem
1160 1399 1239 1471 in
1282 1394 1497 1472 calce
1518 1391 1652 1473 lib.
1677 1413 1752 1494 7:
1788 1377 2020 1472 Ethi-

476 1531 755 1585 corum
791 1505 1037 1586 exstat
1064 1560 1087 1596 ,
1131 1503 1264 1585 ubi
1294 1504 1663 1586 universae
1709 1530 2020 1586 naturae

469 1615 835 1699 humanae
876 1618 1409 1732 corruptelam
1436 1619 1777 1729 aliquam
1819 1617 2021 1698 defi-

471 1759 715 1842 gnare
749 1730 1102 1816 videtur:
1132 1731 1350 1844 ὠάπς
1385 1739 1711 1842 (inquit)
1747 1729 2019 1844 niwew-

470 1853 650 1942 πΘυ
669 1833 1224 1953 ιθμεῖξίβολῷυ,
1264 1847 1584 1956 ὁπνηρὸς·
1625 1846 2014 1964 ῂῆφύως,

469 1951 796 2064 ἠδεομδζύη
837 1953 1252 2065 μεΖᾷβολῆς.
1324 1958 1387 2038 E
1444 1958 1726 2068 quibus
1786 1959 2013 2040 certe

467 2098 789 2261 ppparet
830 2072 1321 2154 clariffimam·
1363 2070 1690 2154 subinde
1736 2072 2014 2153 lucem

506 2187 785 2293 ulgetri
809 2185 1041 2264 instar
1060 2185 1197 2264 sub
1244 2182 1571 2265 obscura
1603 2186 1842 2267 ηοᾶε
1867 2216 2013 2267 co-

466 2300 842 2380 ruscantis
862 2292 1245 2394 irradiass’e
1268 2296 1794 2378 Ethnicorum
1835 2307 2013 2378 ani-

465 2434 675 2506 mos:
711 2414 934 2509 cujus
985 2405 1229 2488 dufi‘tu
1281 2416 1567 2489 mirum
1610 2409 1718 2491 est
1761 2439 2012 2521 quam

463 2517 835 2627 sagaciter
875 2526 1249 2602 vitiorum
1301 2520 1635 2602 latebras
1695 2525 2004 2634 perspe-

462 2637 738 2712 xerinn
769 2630 925 2713 Sed
950 2631 1144 2714 dum
1167 2641 1434 2714 omnia
1456 2638 1796 2715 exafflus
1821 2665 2007 2747 per-

463 2743 879 2856 pendimus
903 2744 1321 2827 fatendum
1342 2746 1450 2827 est
1470 2803 1494 2838 ,
1512 2747 1737 2855 quod
1756 2759 1842 2830 δε
1862 2775 2002 2831 tua

465 2855 888 2951 confirmat
938 2859 1368 2951 sententia,
1409 2858 1699 2939 horum
1740 2870 2004 2942 nemi-

462 2976 768 3054 nem-in
799 2972 1102 3088 summo
1145 2980 1362 3080 apice
1413 2969 1585 3054 non
1620 2970 1997 3057 deficere.

1705 3120 1711 3125 ·
1887 3090 2007 3170 At
