2134 3423
448 21 518 102 Ε
542 48 715 104 ςινι
772 47 810 103 s
878 30 935 104 ‘r
970 51 1094 131 '9‘
1131 54 1182 107 1:
1244 53 1350 110 ΔΕ,
1457 43 1470 61 “
1556 61 1708 138 ¹91³
1801 84 1806 129 9

152 165 342 224 nare
375 133 742 247 dignatus
768 162 892 217 es:
932 143 1207 220 verum
1238 141 1561 253 quando
1590 177 1702 232 tu:

150 251 647 366 gratitudinis
670 258 1079 363 ingenium
1099 311 1123 349 ‚
1138 284 1309 336 non
1325 283 1492 339 tam
1511 288 1706 342 ven».

155 369 445 448 borum
506 364 984 446 solemnibus
1044 422 1070 461 ‚
1143 396 1408 480 quaml
1439 378 1688 454 animi

148 476 781 591 promptitudine
815 488 1149 573 metim,
1187 481 1514 566 confido
1546 512 1706 568 mes

153 595 293 674 tibi
311 598 678 703 gratiam,
712 620 950 702 quam
988 595 1286 706 semper
1319 597 1558 678 habui
1593 609 1683 680 &t

145 705 509 785 habitura
528 706 696 784 firm
719 759 739 789 .
762 706 872 787 sat
890 713 1062 788 cito
1080 708 1441 791 retuliffe.
1482 711 1679 791 Por-

145 845 239 925 ro
274 845 455 897 cum
470 826 891 928 negotium¹
922 823 1030 901 D.
1072 822 1373 903 Coutel
1398 830 1479 902 in
1502 849 1675 904 tuas

143 937 490 1012 rationes
512 959 680 1011 non
701 938 982 1033 injuria
1004 931 1424 1028 referatur,
1453 934 1554 1017 ad
1594 962 1675 1018 te

144 1052 384 1124 mitto
401 1043 558 1129 hoc
580 1045 1130 1156 qualecunque
1152 1048 1493 1158 penicilli
1524 1076 1677 1128 no-

147 1157 275 1238 stri
314 1164 982 1268 experimentum:
1021 1160 1244 1268 quod
1281 1160 1541 1241 eidem
1573 1186 1668 1289 115

147 1277 393 1380 prima
454 1269 862 1351 occasione
915 1273 1380 1355 transmittas
1429 1275 1667 1356 vehe-

148 1406 459 1464 menter
474 1383 978 1499 rogofNolim
1000 1410 1266 1467 tamen
1287 1387 1666 1468 existimes
1763 1402 1768 1408 ’

145 1524 275 1576 me
314 1504 399 1576 in
436 1496 592 1577 hoc
644 1504 824 1578 artis
866 1500 1214 1608 Apelleae
1263 1525 1669 1582 certamen

143 1605 615 1690 descendiffe
640 1666 662 1701 ,
703 1635 796 1690 ut
816 1612 1217 1693 ambitiose
1245 1614 1669 1727 triumpha·
1727 1682 1730 1685 2
1762 1647 1770 1652 ’

144 1751 340 1801 rem:
360 1723 489 1803 sed
519 1731 893 1834 quoniam
918 1733 1065 1805 tuis
1089 1728 1666 1838 velutauspiciis

142 1843 224 1916 in
245 1837 453 1916 hanc
474 1835 706 1917 arena‘
719 1838 1247 1946 protrahimur
1266 1897 1289 1931 ‚
1316 1841 1675 1950 obsequii.

141 1962 653 2059 magi5‚quam
673 1950 914 2029 nostri
930 1949 1253 2030 honoris
1276 1954 1669 2032 rationem
1760 2037 1765 2042 ,

137 2061 436 2143 habere
452 2064 686 2142 volui.
736 2064 1060 2143 Omitto
1100 2089 1318 2141 nunc
1347 2091 1472 2163 eas
1493 2064 1664 2143 lau-

140 2175 327 2263 des,
367 2175 647 2283 quibus
685 2182 912 2253 nimis
932 2174 1246 2287 jocose,
1296 2180 1668 2257 certe·ni÷‡

138 2295 288 2367 mis
320 2294 567 2368 amice
597 2287 1010 2368 contendis
1058 2286 1395 2397 palmam
1432 2287 1702 2369 nobis·

142 2398 242 2480 ab
262 2426 605 2509 utroque
621 2400 800 2478 sexu
826 2397 1120 2484 deberi.
1162 2401 1471 2482 Caetera
1491 2409 1662 2513 qui-

146 2510 330 2592 dem
360 2538 439 2592 te
480 2515 972 2594 Distatorem
1008 2514 1443 2622 reipublicae
1480 2516 1656 2597 lite-

136 2631 352 2704 rariae
371 2621 613 2705 nemo
633 2652 796 2704 non
817 2624 1184 2733 agnoscit,
1207 2652 1467 2708 tamen
1489 2655 1657 2707 non

144 2732 558 2818 defuturos
610 2735 940 2816 arbitror
991 2749 1127 2844 qui
1177 2764 1257 2818 te
1303 2738 1656 2840 judicem

134 2846 288 2928 hae
324 2857 407 2927 in
456 2874 677 2959 parte
727 2855 1093 2950 ejuraturi
1166 2847 1315 2931 fint
1353 2866 1661 2958 potiuS,

137 2987 383 3072 quam
422 2986 515 3044 ut
560 2988 719 3044 tam
781 2960 1128 3070 ingloriae
1181 2961 1399 3041 sortis
1439 2960 1657 3087 dam:

1490 3093 1658 3145 nan
