2134 3423
418 42 546 122 188
615 27 1168 120 Abdum
1202 33 1248 117 i
1285 34 1802 129 SCHVRM.

424 162 578 237 tius
598 158 790 235 mei,
810 177 1049 261 quam
1071 158 1185 232 tui
1214 143 1542 232 in'stituti
1557 157 1970 236 rationem<

421 265 821 354 haberem.
884 266 1177 344 Mirata
1214 263 1383 343 sum
1421 263 1799 372 equidem
1832 271 1956 343 in-

425 376 653 489 fignis
728 376 1227 487 benignitatis
1289 402 1450 457 tuae
1515 403 1959 485 exuperan-

429 500 661 583 tiam,
699 517 854 598 qua
873 518 1039 569 non
1087 514 1397 571 tantum
1435 487 1645 568 sexui
1680 490 1959 570 nostro

428 604 813 714 sapientiae
830 630 921 682 ac
944 601 1315 683 doetrinae
1328 602 1660 712 gloriam
1686 605 1712 690 (
1730 600 1959 710 quod

430 743 684 797 unum
700 713 1202 800 solummodo
1235 714 1281 793 ὰ
1323 740 1403 794 te
1453 741 1706 824 nuper
1744 712 1959 812 effla-

328 909 334 923 ,
431 834 895 940 gitaveram)
937 825 1413 940 disertiffimo
1453 852 1593 907 tuo
1619 826 1824 931 stylo
1848 827 1956 916 as-

431 942 680 1025 {erere
714 942 1063 1023 voluisti:
1100 966 1374 1019 verum
1396 937 1498 1019 sse
1535 938 1777 1018 causa:
1807 966 1958 1018 no·-

433 1055 620 1157 straeg
650 1048 858 1133 faves
883 1108 906 1146 ‚
960 1075 1050 1131 ut
1096 1077 1243 1130 nos
1280 1059 1526 1143 etiam⁴
1556 1056 1733 1130 viris
1775 1052 1957 1131 nus-

432 1192 674 1277 quam
710 1185 891 1244 non‘
922 1157 1330 1273 adaequare
1370 1221 1393 1257 ,
1438 1191 1542 1244 ne
1576 1162 1838 1244 dicam
1877 1172 1958 1244 in

433 1276 897 1389 quibusdam
914 1302 1396 1387 anteponere
1421 1303 1606 1362 ‚non
1642 1273 1956 1380 dubita„-

431 1397 559 1476 τίς.
616 1388 836 1470 Cave
854 1396 1087 1501 igitur
1108 1390 1485 1472 existimes
1513 1417 1641 1469 me
1674 1389 1815 1470 tibi
1843 1387 1957 1470 fo·

432 1509 636 1598 rein
672 1505 1037 1604 omnibus
1085 1500 1506 1615 ὅμὸψηφογς
1541 1503 1957 1614 praesertim

437 1642 624 1697 cum
694 1639 821 1697 tot
865 1619 1220 1727 exempla
1270 1612 1754 1696 faeminarum
1785 1616 1957 1695 illu-

432 1728 707 1811 strium
725 1736 807 1810 in
831 1754 994 1810 tam
1019 1729 1342 1817 sublime
1361 1728 1828 1812 celebritatis
1845 1726 1960 1809 fa-

430 1842 744 1953 stigium
782 1852 1166 1935 eventis»,
1211 1868 1304 1924 ut
1349 1844 1573 1954 plura
1622 1841 1724 1923 ad
1758 1848 1956 1921 invi-

436 1955 692 2050 diam,
738 1983 976 2067 quam
1014 1957 1116 2037 ad
1157 1961 1678 2037 imitationem
1735 1950 1961 2035 diffe-

436 2066 662 2150 ruiffe
678 2071 1013 2152 videare.
1075 2067 1336 2180 Qod
1355 2095 1536 2148 cum
1554 2074 1663 2148 ita
1684 2065 1801 2160 fit,
1823 2096 1961 2147 ve-

431 2179 850 2277 hementer
875 2209 951 2264 te
974 2210 1204 2291 rogo,
1217 2187 1378 2260 imo
1401 2178 1964 2290 perinviolabi..

433 2293 598 2384 lem
624 2300 976 2373 amicitiae
1003 2292 1283 2373 nostrae
1305 2290 1548 2374 fidem
1583 2291 1963 2386 obtestor,

436 2431 544 2487 ne
570 2404 796 2503 nobis
828 2402 1359 2490 hunc.11brum
1393 2404 1965 2515 (quemadmo-

441 2513 637 2595 dum
670 2516 909 2598 solitae
947 2524 1337 2617 comitatis
1374 2544 1526 2599 tuae
1549 2525 1784 2629 genio
1816 2517 1962 2598 ob..

440 2627 748 2713 secutus
788 2622 997 2710 forte
1035 2635 1119 2710 in
1163 2638 1514 2715 animum
1546 2629 1957 2727 induxist1)

322 2736 329 2741 ’
439 2767 896 2852 nuncupare
913 2744 1124 2824 velis,
1187 2739 1476 2852 Neque
1498 2751 1710 2836 enim
1738 2766 1820 2822 te-
1851 2742 1968 2822 la-

445 2877 566 2936 tet
591 2881 831 2961 quam
856 2855 1104 2938 lividis
1135 2856 1383 2937 oculis
1427 2863 1763 2934 maxima
1791 2880 1965 2965 pars

365 3018 369 3025 ·
441 2962 1159 3079 hominummeque
1176 2964 1306 3048 hic
1326 2991 1489 3052 tam
1506 2962 1766 3051 infimi
1783 2966 1968 3046 sub-

1773 3078 1968 3160 sellii
