2134 3423
419 3 791 79 Etrs
870 5 1342 83 roza-3.
1529 3 1679 109 189'

124 106 322 192 sellii
354 109 971 223 hornines,-quos
993 107 1221 194 facile
1253 109 1674 202 effer'eon..

121 248 502 314 temnere
524 280 547 316 ‚
571 252 814 336 quam
834 235 1135 337 magnae
1174 228 1676 312 existimatio-

112 348 239 420 nis
281 347 506 421 viros
554 337 874 450 designo
907 345 935 438 )
975 340 1240 421 nostra
1282 340 1672 453 aspiciant.

112 451 377 535 Adeo
407 477 504 533 nt
534 449 872 564 benigne
906 453 1317 535 nobiscum
1353 464 1477 567 agi
1509 465 1677 537 exi-

107 566 460 647 stiment
487 625 507 656 ,
544 563 736 646 dum
773 566 1021 648 modo
1053 566 1158 648 ad
1194 567 1471 649 altiora
1504 567 1676 651 haec

111 678 397 760 studia
430 678 840 789 aspirantes
879 687 1192 765 veniam
1243 681 1675 793 consequa-

115 820 363 872 mur:
416 817 727 902 tantum
756 790 971 873 abest
1010 818 1104 874 ut
1139 820 1367 901 aequo
1404 802 1673 877 animo

123 907 386 991 laturi
402 902 585 997 flur,
624 902 677 985 fi
701 905 970 986 meve}
1010 911 1417 986 minimam
1439 928 1674 990 occa-

125 1015 450 1099 fionem
469 1015 756 1098 dedisse
784 1016 1051 1099 laudes
1067 1018 1369 1099 nostras*
1387 1046 1572 1099 eum
1592 1028 1676 1103 in

130 1131 484 1212 modum
505 1129 1025 1213 ‘ebuccinandi
1040 1189 1064 1225 ,
1085 1130 1675 1242 suspicarentur?

134 1246 345 1325 Non
380 1244 491 1326 est
521 1245 789 1353 itaque
813 1272 951 1323 cur
984 1243 1157 1325 haec
1187 1252 1412 1326 anxie
1448 1273 1676 1356 pero-

133 1386 316 1439 rem
349 1356 565 1468 apud
595 1382 713 1451 te,
751 1383 854 1436 ne
873 1385 1164 1453 novam
1181 1357 1504 1438 subinde
1539 1357 1679 1440 ad-

134 1469 490 1554 versariis
510 1469 1037 1556 calumniandi
1062 1469 1399 1580 praebeas
1423 1488 1677 1553 mate-

132 1593 344 1664 riam
381 1618 405 1674 ³
467 1582 973 1694 posteaquam
1043 1581 1370 1696 idipsum
1388 1590 1485 1662 in
1516 1583 1677 1667 hoc

133 1724 395 1810 opere
426 1724 607 1807 ages
653 1706 698 1788 ,‘
739 1694 1122 1890 utyiem
1172 1722 1259 1778 os
1304 1696 1677 1779 obturare

131 1828 420 1922 q'ueaS.>
486 1806 817 1921 Qodfi
892 1805 1329 1891 eroillustre
1350 1808 1680 1926 aliquod

132 1949 456 2006 nomen
474 1916 947 2033 frontispicio
964 1922 1196 2018 hujus
1217 1927 1467 2031 operis
1486 1949 1680 2032 prae-

131 2033 563 2148 figendum
599 2041 896 2144 q‘uaeriS,
914 2060 1081 2113 non
1107 2039 1455 2134 invenies
1475 2081 1497 2125 ‚-
1544 2059 1678 2118 me

133 2146 481 2260 quidem
494 2149 788 2251 judice,
804 2156 1229 2258 quicquam
1271 2146 1378 2238 N.
1406 2144 1510 2226 N.
1530 2171 1680 2227 no-

133 2270 371 2343 mine
391 2260 865 2371 auspicatius.
931 2259 1149 2339 Nam
1187 2256 1675 2370 fierinequit,

140 2401 252 2457 ut
343 2400 512 2455 non
579 2382 984 2485 ingentem
1047 2378 1266 2452 ineas
1348 2380 1675 2483 gratiam

138 2486 368 2598 apud
385 2485 592 2566 hanc
616 2488 1053 2566 Heroinam
1073 2539 1095 2580 ‚
1125 2513 1296 2597 quae
1316 2496 1430 2568 uti
1448 2486 1675 2567 bonis

144 2605 434 2681 litteris
507 2602 1141 2710 Linguarumque
1201 2599 1456 2680 studio
1524 2606 1678 2677 im-

148 2713 387 2826 pense
413 2710 869 2805 delectatur,
892 2719 999 2792 ita
1012 2706 1235 2789 facile
1254 2734 1470 2791 extra
1504 2736 1682 2789 om-

147 2852 346 2910 ‘nem
362 2823 655 2928 invidie
678 2825 926 2906 aleam
944 2819 1191 2933 pofita
1205 2820 1338 2898 est.
1351 2819 1446 2899 Et
1461 2818 1690 2930 quod

150 2947 268 3036 rei
289 2965 487 3052 capu
499 2963 531 3021 t
544 2937 851 3037 est‚non
868 2944 1237 3046 exiguum
1248 2929 1431 3016 huic
1440 2930 1690 3119 ffiusae

1442 3085 1444 3088 ·
1471 3072 1518 3157 p
1552 3063 1694 3119 en·
