2134 3423
416 67 783 158 -E‘rrs
858 101 1035 155 'ro
1108 84 1668 188 LAE.'‘2‘.27

143 195 534 277 summam
563 196 770 275 inter
791 214 1010 273 meos
1036 187 1501 300 Theologos
1537 223 1671 275 or·
1711 296 1716 301 ‘

144 305 553 389 ¹thodoxos
578 301 1089 383 concordiam
1132 310 1333 384 tueri
1362 304 1668 400 studco‚·

141 425 351 529 aequi
376 416 727 524 bon'iqiie
762 404 1117 495 consules
1137 432 1173 508 ‚'
1194 414 1248 494 fi
1269 418 1669 527 paradoxo

141 532 336 613 huic
387 536 623 639 capiti
675 529 948 609 locum
1006 527 1402 639 designem
1464 538 1672 613 inter

146 671 288 726 eos
310 699 331 734 ,
364 649 500 751 qui
519 668 840 752 propter
866 668 1273 722 remotum
1291 667 1529 757 atque
1549 650 1675 723 in-

145 757 407 838 solens
429 761 904 834 inventionis
947 782 1193 864 genus
1217 753 1522 837 umbrae
1549 763 1675 835 in-

149 870 308 949 stat·
326 868 443 973 (ut
467 876 544 944 in
567 868 877 977 piel-uris
909 865 1077 947 fieri
1101 867 1339 968 solet)
1360 869 1676 950 solidioa

152 988 257 1062 ris
313 987 654 1060 veritatis
718 979 1389 1089 pulchritudinem
1435 994 1676 1091 magis

158 1100 510 1182 eminere
562 1091 923 1173 antithesi
968 1095 1311 1203 quadam
1347 1091 1672 1175 faciunt.

158 1204 478 1288 Etenim
508 1214 636 1306 (ut
657 1204 1124 1288 sententiam
1152 1207 1429 1289 dehoc
1448 1207 1681 1318 scrip-
1769 1287 1773 1291 .

164 1344 250 1399 to
269 1331 535 1397 -m'eam
560 1373 583 1412 ,
625 1325 738 1400 uti
755 1318 1133 1429 postulas»,
1167 1330 1680 1430 expromam)
1719 1383 1728 1389 .
1825 1408 1828 1415 ,

84 1476 94 1488 -
161 1458 659 1540 quaecunque
711 1424 1281 1522 Gabai-istarum
1350 1446 1435 1513 in
1514 1462 1688 1513 mo-

163 1570 380 1634 rem,
428 1543 685 1623 divina
698 1550 921 1647 juxta
944 1543 1184 1655 atque
1205 1545 1547 1627 humana
1585 1536 1687 1644 ad

160 1654 647 1751 Matheseos,
676 1660 1226 1743 Grammaticae
1254 1689 1344 1742 ac
1371 1661 1682 1770 Logieae

166 1770 319 1850 suae
352 1770 651 1880 regulas
670 1778 907 1882 exigit
925 1779 950 1866 ς
962 1791 969 1799 “
991 1785 1074 1856 δε
1094 1772 1468 1854 mirabilia
1502 1772 1691 1870 inde

168 1911 453 1964 arcana
473 1885 743 1964 eruere
764 1887 1036 1995 satagit
1052 1943 1074 1979 ‚
1099 1885 1308 1965 leau
1323 1889 1488 1964 non
1527 1879 1717 1994 pla-⁸

170 2023 278 2076 ne
326 1992 1064 2101 forentinjueunda
1100 2053 1122 2089 ,
1163 1994 1544 2105 siquidem
1583 1990 1717 2074 fas·

172 2109 365 2189 effe‘t
401 2116 539 2204 (ut
569 2119 648 2189 in
682 2111 1099 2221 proverbio
1137 2108 1286 2208 est)
1337 2107 1437 2188 de
1469 2107 1703 2188 subli-

173 2221 436 2303 mibus
490 2231 786 2333 nugari.
860 2222 1039 2332 Jam
1098 2239 1288 2303 'vero
1321 2220 1440 2300 hae
1496 2240 1699 2302 artes
1805 2262 1809 2268 ·

173 2335 819 2446 qualemcunque
853 2344 1089 2418 etiam
1131 2342 1499 2418 novitatis
1535 2333 1705 2446 spe·

180 2457 384 2530 ciem
403 2443 767 2543 induant,
779 2448 1384 2554 jamdudum‚ut
1404 2455 1703 2560 optime

179 2561 389 2642 nosti
422 2618 444 2654 ‚
484 2560 909 2646 ludibrium
936 2558 1238 2645 debent
1267 2563 1439 2644 orbi
1470 2563 1703 2644 Chri-

178 2676 435 2755 stiano
473 2728 494 2761 ‚
545 2675 1062 2786 omnibusque
1106 2677 1316 2757 redte
1367 2675 1708 2787 philoso-

179 2785 642 2899 phantibus,
725 2787 988 2900 Qod
1054 2813 1327 2873 antem
1379 2781 1710 2898 purioris

177 2899 569 2981 dostrinae
585 2908 876 2982 aevitae
911 2901 1274 2983 homines
1298 2957 1319 2992 ‚
1342 2927 1540 3009 quos
1563 2899 1714 2979 Pu·

177 3022 497 3097 titanos
524 3040 818 3097 vocant
854 3073 878 3111 ‚
921 3024 1039 3122 itaq
1070 3012 1299 3095 nobis
1340 3010 1722 3093 describit.

797 3147 801 3151 ’
999 3126 1057 3206 Ρ
1121 3153 1166 3203 2
1634 3140 1728 3195 ut
