2134 3423
409 32 534 114 ¹50
606 6 1165 92 AMAMAE
1219 6 1267 89 a
1303 6 1422 90 Sc
1453 32 1798 114 uvau-

411 120 679 212 bitati,
707 115 1041 202 fraenum
1103 147 1206 202 ue
1248 122 1700 233 petulantiae
1735 117 1937 225 injess

408 229 635 329 cisse,
674 233 1030 344 nihilque
1044 149 1209 313 pere
1246 236 1492 320 tribus
1533 236 1936 347 postremis

408 349 559 452 illis
592 347 805 429 horis
826 346 1131 459 gestum
1166 342 1385 428 fuiffe
1415 348 1934 459 Euangelista-

407 489 590 543 rum
611 462 862 543 altum
886 460 1180 542 docere
1194 461 1506 543 videtur
1521 460 1931 543 filentium.

406 580 534 659 At
587 569 797 657 forte
833 575 932 653 ali
994 583 1110 654 uis
1143 574 1468 677 objiciet
1496 573 1933 679 Iohannem

407 688 585 769 haec
600 686 864 780 verba,
892 687 1262 788 munim
1292 682 1729 798 ἒἔπιεφσιλᾶι)
1749 684 1934 795 πρέ,

407 791 587 882 Sam
622 797 693 880 n*
718 804 1023 906 mapa,
1048 812 1159 883 ita
1187 829 1372 882 cum
1394 803 1934 883 antecedenti-

380 912 559 994 ·bus
579 920 1065 1025 conjungere
1084 970 1104 1007 ‚
1125 913 1335 1025 quafi
1375 913 1738 996 Christus
1766 940 1939 995 cum

413 1033 507 1108 iis
545 1024 768 1108 fimul
804 1040 1048 1108 vitam
1084 1024 1464 1109 finiviffet.
1510 1029 1861 1122 Verum,
1891 1023 1939 1105 fi

416 1148 689 1222 omnia
713 1139 1161 1251 diligentius
1177 1139 1787 1253 perpendamus,
1809 1168 1935 1252 pa-

418 1249 625 1338 tebit
664 1256 1033 1366 copulam
1086 1251 1198 1355 ³192)
1262 1262 1713 1336 orationem
1772 1264 1937 1364 qui-

418 1362 607 1445 dem
624 1392 794 1447 non
813 1390 1084 1449 autem
1097 1362 1297 1448 fasta
1319 1390 1457 1448 aut
1472 1394 1591 1447 res
1608 1366 1827 1479 ipsas,
1846 1378 1935 1447 eo

415 1475 701 1560 ordine
730 1507 823 1560 ac
882 1502 1243 1592 ternpore
1293 1508 1456 1592 quo
1499 1480 1729 1592 gestae
1768 1478 1939 1559 sunt

415 1593 921 1678 conneEtere.
945 1592 1330 1677 Praeterea
1349 1620 1613 1703 neque
1635 1593 1800 1672 ulla
1825 1621 1937 1673 ra-

420 1709 643 1788 tione
684 1701 845 1786 hoc
882 1700 1213 1787 effatum
1234 1705 1553 1800 Christi,
1584 1704 1938 1808 πτίλεςκρ,

415 1819 793 1901 ultimum
849 1813 1072 1900 fuisse
1140 1818 1549 1931 probatur.
1620 1821 1941 1903 Etenim

418 1959 608 2014 cum
643 1926 1408 2043 consummationem
1440 1939 1717 2044 potius
1746 1932 1941 2014 divi-

412 2040 698 2128 narum
737 2046 1368 2159 praedifflonum,
1400 2073 1643 2156 quam
1680 2071 1943 2131 rerum

341 2156 346 2161 ’
410 2158 685 2239 seriem
707 2184 846 2240 aut
863 2155 1285 2240 terminum
1308 2161 1658 2270 respiciat
1692 2155 1943 2267 (quod

361 2317 362 2320 κ
414 2295 515 2348 ex
554 2270 806 2355 verbis
827 2266 952 2348 ἵνα,
986 2267 1290 2372 τέλᾴωθςῖ
1321 2275 1363 2367 ἦ
1394 2268 1652 2382 καφῆ
1687 2271 1943 2381 palam

410 2378 558 2473 est)
581 2378 683 2461 de
721 2391 1126 2490 praeteritis
1162 2386 1531 2466 omnibus
1562 2385 1940 2463 haetenus

408 2489 877 2603 adimpletiS,
898 2521 1065 2575 non
1087 2503 1280 2578 item
1307 2495 1703 2579 defuturis
1713 2500 1942 2598 Juxta

404 2603 854 2717 prophetias
874 2606 1138 2690 adhuc
1156 2607 1675 2722 adimplendis
1703 2607 1943 2690 intel-

399 2716 811 2826 ligendum
825 2720 957 2801 est.
996 2721 1250 2832 quue
1271 2752 1456 2804 cum
1487 2719 1939 2834 phraseolo-

379 2874 386 2879 -
400 2837 530 2940 gia
551 2831 964 2945 Scripturae
1008 2842 1334 2917 minime
1361 2860 1710 2948 pugnare
1729 2829 1937 2921 fimi-

400 2940 494 3029 lis‘
521 2944 922 3059 ⁸loquendi
978 2955 1180 3034 ratio
1240 2948 1590 3035 ostendit
1646 2953 1935 3137 priate&

1583 3133 1587 3139 .
1762 3081 1933 3141 enti
