2134 3423
262 89 283 108 '-
383 55 1384 141 E·‘1²,1‘s·r20‘1.‘AE.-'
1502 60 1647 165 109'

105 169 698 254 mmenimvero
730 172 866 253 ubi
880 179 962 252 in
998 201 1166 254 rem
1184 172 1642 285 praesentem

102 286 551 367 deventum
592 284 704 365 est
742 342 766 378 ‚
827 310 1061 366 tantae
1117 288 1347 367 molis
1395 314 1645 397 nego-

101 405 318 480 cium
334 394 495 482 effe
511 398 1646 509 comperio‚utaliquandiuin

102 519 429 624 ancipiti
446 511 961 592 flustuatione
976 510 1321 595 haeserim
1341 544 1361 596 3
1381 539 1481 592 an
1500 511 1645 594 tibi

103 624 316 705 aliud
336 632 772 732 quicquam
790 624 1427 734 respondendum
1447 621 1639 707 esset

105 764 382 848 praeter
425 738 859 848 Vulgatum
910 737 1108 818 illud
1143 736 1636 832 Simonidis:

104 857 427 962 Qanto
458 850 736 931 diutius
768 851 1114 960 considero
1143 906 1164 941 ‚
1207 873 1414 932 tanto
1450 847 1642 932 mihi

103 993 207 1045 res
229 964 544 1072 videtur
564 962 938 1072 obstas-ior.
992 963 1073 1048 N
1078 991 1172 1045 ec
1195 970 1482 1048 mirum
1497 1021 1520 1052 ,
1551 963 1645 1043 fi-

106 1075 436 1187 quidem
511 1102 638 1159 tot
725 1077 1332 1188 Theologorum
1412 1104 1644 1183 cory-

106 1191 371 1303 phaeos
415 1189 870 1299 (quod-tibi
922 1199 1281 1271 omnium
1336 1190 1637 1301 optim&

108 1330 399 1385 notum
422 1307 532 1387 est
555 1316 591 1404 )
637 1304 888 1386 altum
905 1303 1062 1410 hoc
1079 1300 1403 1388 tentasse
1444 1331 1642 1385 cona

104 1415 273 1498 stat:
300 1423 447 1525 qui
469 1414 769 1497 tametfi
789 1417 1150 1529 scopulos
1170 1416 1495 1498 sollicite
1512 1445 1641 1498 ca-

103 1536 682 1622 verint‚tamen
714 1554 1011 1611 certam
1049 1529 1467 1612 stationem
1487 1584 1509 1621 ,
1529 1573 1532 1576 Δ
1551 1538 1639 1612 in

105 1669 264 1751 qua
288 1669 509 1724 mens
548 1642 808 1725 nostra
834 1643 1263 1753 requiescat
1283 1701 1305 1739 ,
1339 1650 1641 1726 inveni-

103 1784 190 1837 re
228 1783 401 1841 non
444 1781 899 1866 potuerunt.
966 1760 1350 1840 Attamen
1388 1817 1409 1848 ‚
1433 1784 1641 1838 eum

106 1896 252 1979 ego
277 1877 363 1948 in
391 1867 550 1950 hoc
578 1875 924 1951 exercitii
965 1898 1256 1981 genere
1291 1897 1458 1951 non
1488 1870 1675 1975 do-¹

109 1992 360 2061 centis
378 2036 400 2073 ,
424 1981 555 2065 sed
578 1983 939 2064 discentis
954 1990 1215 2092 potius
1232 1982 1656 2091 personam·

112 2094 522 2174 sustineam
542 2152 563 2187 ,
606 2123 774 2176 non
807 2093 1143 2176 verebor
1174 2090 1411 2204 paulo
1443 2091 1639 2172 hbe-

114 2212 261 2286 rius
279 2235 375 2287 ac
397 2206 928 2289 confidentius
956 2215 1038 2286 in
1077 2207 1236 2289 hoc
1265 2201 1491 2315 oismpov
1527 2212 1642 2297 νηῒς

115 2319 289 2415 θείοις
323 2325 615 2430 καφῆς
651 2328 1087 2430 inquirere3
1125 2349 1231 2419 eo
1268 2326 1648 2415 nimirum,

118 2431 479 2526 confilio,
526 2458 616 2513 ut
650 2430 889 2514 ficubi
917 2432 1121 2515 forte
1169 2431 1362 2519 mihi
1404 2431 1638 2514 detur

114 2551 525 2629 veritatem
605 2545 844 2656 quasi·
889 2574 1029 2657 per
1097 2547 1632 2635 transennam,

94 2655 584 2766 -conspicere,
601 2665 1040 2769 genuinum
1074 2665 1238 2761 ejus
1259 2658 1559 2741 sensum
1584 2657 1633 2736 εἰ

108 2762 290 2848 falsa
317 2778 711 2879 opinionis
742 2771 1016 2881 specie,
1041 2797 1183 2851 tuo
1209 2769 1635 2879 aliquando

105 2876 465 2991 suffragio
494 2880 1001 2975 confirmata,
1048 2884 1323 2963 clarius
1358 2880 1641 2963 discer-

109 3018 302 3074 nere
341 2995 660 3104 poffim:
698 2992 809 3076 fin
846 3023 1036 3077 vero
1080 2994 1405 3099 inseiain
1422 3020 1644 3073 erro-

1474 3121 1644 3176 rem
1742 3190 1749 3195 ,
