2134 3423
446 29 539 136 58
651 21 1198 133 AMAROE
1237 17 1817 102 aSchRM.

348 141 357 148 ’
447 148 533 219 in
556 163 632 218 te
648 144 877 218 novit
894 141 1220 215 virtutes
1249 162 1346 214 ac
1360 135 1589 216 colit;
1622 159 2010 241 cumque,
2061 164 2072 170 ·

446 278 659 361 vagae
672 248 822 330 hac
841 245 1299 357 tempestate
1311 245 1545 326 stellae
1564 255 1648 326 δε
1667 244 1984 357 εαάιιες

442 358 911 481 plerumque
940 357 1135 451 finx,
1160 370 1684 441 converterim
1711 386 1843 438 me
1868 366 1988 439 ad

443 483 770 557 unicum
790 474 947 554 hoc
973 478 1490 557 amicitiarum
1514 470 1978 552 firmamen-

446 614 640 670 tum.
675 587 759 668 N
766 616 857 667 ec
896 610 1164 671 tamen
1220 583 1422 665 adeo
1467 585 1702 666 seculi
1735 582 1977 687 hujus

437 712 702 814 ignara
732 700 922 797 sum,
946 723 1037 782 ut
1053 694 1371 783 credam
1389 698 1975 779 malevolorum

438 814 761 895 existere
798 817 1201 895 neminem
1227 868 1253 903 2
1295 818 1432 921 qui
1464 839 1663 891 vana
1699 810 1969 891 osten-

434 925 658 1015 tandi
672 931 961 1038 ingenii
979 923 1149 1036 spe,
1182 922 1341 1012 huc
1381 951 1510 1004 me
1544 923 1972 1005 adductam

435 1035 659 1120 fuiss'e
683 1035 1056 1120 affeveret
1077 1069 1095 1112 ε
1116 1036 1249 1117 sed
1275 1039 1499 1117 Deus
1532 1036 1724 1121 mihi
1756 1037 1971 1119 testis
2019 1033 2026 1037 ’

439 1152 594 1243 est,
627 1180 867 1262 quam
885 1148 992 1231 ob
1024 1149 1470 1233 institutum
1499 1156 1676 1242 vitae
1712 1177 1968 1260 genus

431 1264 841 1355 habuerim
864 1263 1187 1375 scopum
1203 1263 1443 1374 longe
1464 1264 1561 1345 ab
1575 1269 1647 1365 ej
1661 1262 1968 1351 ulinodi

427 1376 866 1475 ¹ambitione
888 1376 1475 1465 aversumHaec
1504 1404 1968 1495 quanquam
2017 1431 2029 1444 ·

432 1486 681 1570 ferani
701 1490 983 1584 leviUS,
1025 1516 1372 1602 quorum
1402 1490 1629 1572 aliter
1653 1489 1963 1571 conscia

433 1602 629 1684 mihi
653 1601 859 1696 sum,
883 1603 1195 1715 gaudeo
1225 1629 1493 1686 tamen
1535 1627 1620 1683 te
1645 1602 1960 1691 nullum

430 1713 821 1828 reliquiffe
838 1716 1199 1828 scrupulo
1235 1716 1445 1797 locu‘:
1472 1725 1761 1828 quippe
1790 1721 1955 1826 qui,

431 1857 575 1942 pro
594 1836 831 1911 animi
869 1837 953 1911 in
976 1857 1105 1910 me
1128 1827 1474 1911 candore
1491 1888 1514 1924 ‚
1549 1854 1709 1911 tam
1732 1827 1954 1911 beni-

392 1938 581 2066 gne
609 1949 1165 2055 interpretatus
1194 1971 1273 2024 es
1290 1951 1595 2032 omnia,
1617 1970 1709 2026 ut
1743 1942 1960 2054 spem

424 2056 644 2162 certe
663 2055 1288 2168 hatstenusquam
1302 2065 1386 2137 in
1410 2085 1572 2138 uno
1588 2083 1960 2166 magnam

418 2195 950 2280 conceperam
1006 2228 1030 2263 ‚
1093 2166 1462 2253 fefelleris
1514 2177 1954 2279 nunquam.

421 2279 643 2380 Hinc
660 2289 897 2390 igitur
915 2338 939 2373 ‚
985 2281 1448 2390 augescente
1468 2288 1838 2363 nimirum
1853 2280 1954 2363 fi-

424 2389 690 2481 ducia,
728 2389 840 2471 fas
857 2395 1183 2501 amplius
1219 2419 1387 2473 non
1403 2421 1603 2504 puto
1628 2422 1704 2477 te
1724 2390 1951 2505 quicss

423 2495 663 2613 quarn
679 2502 1119 2586 studiorum
1156 2532 1521 2586 meorum
1553 2511 1677 2590 vel
1697 2536 1949 2620 nuga-

412 2643 596 2724 rum
611 2623 873 2727 potius
892 2675 915 2710 ,
939 2617 1216 2698 celare.
1260 2620 1543 2702 Annus
1559 2649 1950 2712 nunc‚aut

411 2734 618 2810 circa
640 2730 875 2824 est‚cx
889 2759 1052 2841 quo
1080 2730 1434 2815 libellum
1456 2734 1946 2817 conscribere

416 2841 727 2924 Gallice
746 2844 1006 2956 (quod
1032 2873 1320 2956 nempe
1337 2846 1758 2958 virginibus
1780 2845 1944 2956 qua

409 2957 748 3057 maxime
766 2957 1080 3072 probari
1096 2960 1378 3074 linguae
1392 2961 1592 3044 illius
1607 2962 1827 3073 lepos
1848 2988 1942 3052 ac

767 3077 773 3083 ’
1205 3073 1216 3085 “
1775 3073 1942 3164 cle-

426 3157 438 3191 2
482 3179 498 3191 ι
