2134 3423
280 63 285 70 ’
408 68 555 143 104
626 27 1872 130 A.MAR1AE'aSc⁶H‘vi{M.’

409 161 609 240 tioni
643 155 1089 267 respondet.
1150 156 1397 237 Aliud
1429 164 1641 239 enim
1685 158 1796 239 est
1832 154 1956 239 νεὶ)

407 275 583 381 κςαῒν
608 322 629 351 ‚
676 297 834 378 qua
870 297 1071 362 voce
1106 272 1652 381 intelliguntur
1685 277 1956 380 quivis*
2003 325 2010 330 -

405 394 703 465 mortui
728 370 975 465 3aliud
993 388 1044 464 ἲ
1066 391 1327 495 νεκρῶν,
1347 383 1568 494 quod
1586 384 1686 466 de
1707 392 1956 466 certis*

408 493 871 606 quibusdam
893 505 1226 577 mortuis
1254 504 1496 608 accipi
1516 498 1728 578 solet.
1764 499 1956 579 De-

412 609 601 691 inde
668 657 705 703 ,ἡ
753 637 920 689 non
951 607 1368 691 obscurum
1403 610 1517 699 est
1558 638 1741 691 cum
1777 607 1945 690 fide

420 722 862 803 Christiana
908 726 1231 803 minime
1272 748 1616 834 pugnare
1651 781 1673 816 ‚
1719 717 1951 834 quod

413 861 557 946 pro
593 835 943 919 aliorum.
976 834 1220 916 salute
1270 838 1523 916 multa
1561 834 1954 938 {dicantur

411 954 580 1058 pati
622 948 863 1046 Verbi
908 949 1181 1027 Divini
1232 950 1605 1040 ministri:
1644 974 1735 1031 ut
1767 948 1963 1028 satis·

411 1061 776 1171 praeclare
794 1059 949 1140 hoc
986 1058 1504 1160 ostenderunt
1532 1084 1954 1171 quotquot

417 1194 1085 1253 commentatores
1143 1171 1604 1255 Orthodoxi
1647 1172 1691 1253 a
1730 1174 1951 1253 Pon-

422 1283 846 1364 tificiorum
915 1293 1387 1367 commentis
1438 1287 1950 1369 vindicarunt

420 1396 658 1478 verba
707 1396 1071 1507 Apostoli
1139 1395 1439 1480 Coloff.
1479 1429 1532 1478 1.
1569 1427 1703 1501 24.
1756 1427 1968 1480 cum*

421 1509 705 1618 quibus
773 1504 1114 1592 conferri
1195 1508 1512 1623 poffunt
1564 1540 1654 1592 ea
1709 1511 1950 1604 loca,-

423 1650 470 1699 2
501 1622 871 1705 Corinth.
902 1656 961 1706 ι.
985 1624 1171 1706 vers.
1204 1640 1271 1701 6.
1299 1623 1571 1735 Philip.
1599 1641 1657 1702 1.
1693 1645 1815 1725 14.
1856 1635 1946 1706 δε

420 1762 471 1813 2
500 1734 711 1817 Tim.
733 1768 795 1816 2.
813 1737 995 1819 vers.
1018 1770 1084 1838 9.
1111 1742 1219 1817 io.
1248 1765 1397 1818 nec
1415 1764 1582 1817 non
1604 1736 1967 1849 Ephefip

422 1849 613 1929 vers.
641 1881 692 1931 1.
724 1847 1022 1933 Coloss'.
1048 1856 1136 1951 4.‘
1157 1881 1212 1954 3.
1254 1853 1420 1932 A&
1449 1877 1559 1931 21.
1584 1849 1782 1932 vers.
1813 1852 1967 1930 28.·.

405 1972 511 2043 ·&
541 1987 744 2071 245·
765 1964 899 2046 ubi
929 1989 1067 2059 aut
1091 1963 1191 2063 de
1210 1966 1549 2045 utilitate
1588 1963 1970 2044 consola-·

316 2074 323 2099 '
424 2082 706 2174 tionis,
749 2104 888 2159 aut
919 2078 1018 2159 de
1051 2078 1412 2187 exemplo
1441 2077 1894 2157 constantiae
1919 2119 1967 2167 ,-

424 2214 568 2268 aut
602 2198 838 2270 etiam
869 2190 967 2269 de
988 2189 1208 2271 causa
1237 2189 1636 2299 impulsiva
1656 2187 1783 2268 seu
1800 2191 1960 2268 oct-⁷

426 2298 735 2383 cafione
766 2301 1044 2380 harum
1083 2301 1656 2408 perpeffionum
1689 2301 1966 2381 sermo.
2053 2307 2060 2314 '

428 2410 558 2488 est.
585 2413 959 2521 Denique
983 2466 1005 2501 ‚
1044 2412 1398 2493 universo
1422 2412 1677 2493 ordini
1692 2440 1784 2493 ac
1798 2412 1947 2496 dis-

423 2518 788 2632 positioni
820 2523 1051 2625 hujus
1081 2532 1778 2634 argumentationis
1810 2524 1966 2606 be-·

423 2660 528 2712 ne
545 2645 1033 2744 congruit‚ut
1050 2636 1469 2746 Apostolus
1485 2644 1686 2718 circa
1700 2634 1970 2722 finem·

424 2746 761 2827 maxime
820 2749 1136 2832 illustria
1169 2807 1194 2844 ,
1243 2743 1483 2861 a’tque
1516 2773 1693 2830 toto
1731 2749 1969 2859 quast
2003 2824 2010 2831 .

426 2856 618 2940 orbe
653 2863 1066 2975 conspicua
1107 2865 1464 2973 exempla
1499 2889 1970 2972 proponere:

412 2968 824 3065 statuatun
838 2984 1179 3097 primum
1200 2974 1519 3089 quidem
1542 2982 1624 3054 in
1649 2984 1976 3084 gener&

1158 3120 1166 3137 ‘
1568 3113 1939 3180 ommam
